2628 4190
1278 140 1464 247 (34)

215 260 592 343 militibus
610 257 998 371 pudorem
1013 257 1408 334 incuteret
1421 312 1441 342 ,
1472 253 1982 361 animumque
1998 248 2346 342 adderet,
2363 254 2547 334 Ma-

190 379 378 478 jora
413 374 735 455 audendi.
794 369 1419 452 KoNIGsMAR
1439 395 1776 455 CHIUS,
1839 369 1921 445 in
1952 365 2592 477 oppugnandisf

215 484 905 598 expugnandisque
951 479 1310 561 Urbibus
1342 540 1362 569 ,
1438 478 1700 560 noluit
1747 478 1934 558 alios
1977 477 2178 588 saepe
2209 538 2232 569 ,
2306 476 2445 560 nifi
2475 480 2551 559 se

213 601 663 710 periclitari,
723 617 814 677 ut
846 623 1125 675 omnes
1157 594 1403 673 effent
1421 594 1702 680 securi,
1764 589 2202 673 discrimine
2220 593 2358 672 suo
2378 619 2552 703 pro-

213 716 536 795 curavit.
607 708 882 790 Gloria
918 710 1091 787 haec
1126 706 1439 815 Pyrrhi,
1500 734 1670 785 non
1703 703 2010 813 fugisse,
2050 702 2156 812 (fi
2189 706 2391 788 velis
2417 706 2554 784 ho.

211 826 495 907 nestius
511 823 948 928 verbum,)
984 819 1402 902 sustinuisse
1431 874 1458 910 ,
1517 817 1670 899 fuit
1703 849 1718 898 :
1779 837 1863 899 at·
1885 817 2129 928 gloria
2171 816 2554 902 Komos-

204 936 911 1046 MARCH11,fugare,
971 932 1519 1036 nonsustinere.
1579 932 1800 1013 Sileo
1820 934 1980 1041 jam
1998 930 2556 1012 solertissimam

205 1048 714 1132 confiliorum
785 1049 1338 1128 dexteritatem
1374 1105 1397 1135 ,
1486 1050 1570 1125 in
1628 1047 1903 1128 animis
1957 1043 2380 1128 hominum
2429 1063 2560 1125 tot

203 1163 540 1247 millium
605 1158 1164 1275 pertractandis
1215 1160 1252 1250 ,'
1328 1187 1768 1270 eorumque
1819 1161 2027 1239 inter
2081 1177 2365 1240 armata
2411 1161 2558 1268 pri-

188 1295 558 1378 vatarum
622 1274 870 1355 studia
926 1273 1358 1355 utilitatum
1410 1331 1433 1361 ,
1517 1275 1603 1352 in
1652 1300 1819 1353 uno
1894 1269 2120 1352 ΚὸΝ
2144 1299 2558 1353 1GsMAR-

203 1418 447 1471 CHIO
508 1386 1007 1471 consulendo
1045 1386 1532 1466 consensum.
1607 1385 2036 1474 PraetereO,
2076 1404 2561 1495 perpetuum

201 1504 852 1612 magnanimitatis
897 1498 1300 1581 stimulum
1351 1507 1436 1580 ὅε
1481 1496 1943 1581 instinctum
1979 1555 2001 1587 ,
2063 1499 2287 1607 cujus
2321 1496 2561 1583 fi'vel

198 1615 529 1698 scintilla
579 1615 855 1697 nostris
905 1612 1297 1695 acciditffet
1328 1614 1664 1722 ingeniis
1715 1671 1737 1702 ,
1827 1609 2088 1694 vitalis
2133 1611 2333 1693 ultra
2387 1642 2558 1694 non

197 1728 385 1810 effet
417 1788 439 1819 ,
475 1732 936 1840 jaceretque
974 1727 1224 1838 sopita
1259 1757 1276 1807 ε
1336 1728 1418 1807 in
1456 1727 1733 1806 Heroe
1771 1724 2039 1805 nostro
2068 1784 2090 1814 ,
2149 1744 2309 1806 tam
2343 1725 2558 1807 bene

193 1860 548 1951 paratum
581 1842 951 1923 fomitem
984 1839 1526 1950 operiebatur,
1563 1838 1886 1918 utillico
1906 1856 2268 1919 mentem
2285 1869 2559 1933 accen-¹

196 1955 464 2046 deret,
519 1976 760 2066 atque
791 1956 890 2036 ad
926 1957 1258 2036 maxima
1292 1981 1626 2062 operum
1646 1952 2054 2033 molimina
2071 1955 2554 2036 animumin·

194 2067 640 2151 flammaret.
698 2067 849 2151 Nil
872 2069 1057 2149 dico
1079 2067 1180 2147 de
1198 2066 1497 2149 invida
1516 2066 1868 2157 dextera,
1889 2065 2229 2149 ministra
2245 2066 2555 2149 fortitu-

192 2182 398 2264 dinis
434 2192 516 2264 δε
558 2184 837 2273 animi,
878 2209 1059 2292 quae
1094 2183 1369 2262 tritum
1398 2180 1598 2262 illud
1614 2179 2055 2262 multorum
2075 2207 2212 2263 ore
2228 2207 2554 2292 prover-

191 2296 415 2377 bium
436 2356 459 2386 ,
515 2295 842 2376 Mature*
863 2318 1206 2403 propera,
1241 2293 1773 2404 exprimebat,
1808 2312 2331 2404 praeterquam
2365 2323 2553 2375 cum
2620 2286 2628 2298 ⁴

190 2427 686 2520 pugnaretur.
761 2408 1056 2516 Pugnae
1076 2411 1293 2487 enim
1311 2428 1676 2518 tempore
1695 2467 1716 2496 ,
1762 2436 1932 2488 non
1951 2407 2201 2488 modo
2221 2405 2383 2489 fine
2401 2436 2553 2489 ma-

191 2526 511 2602 turitate
532 2520 942 2603 festinabat
964 2579 986 2610 ,
1004 2518 1139 2604 sed
1155 2521 1392 2628 ipsam
1412 2522 1905 2629 imperatoria
1921 2519 2315 2602 brevitate
2333 2521 2552 2631 supe-

190 2636 405 2718 rabat
439 2633 945 2715 celeritatem.
1015 2633 1122 2713 Et
1141 2631 1364 2741 quod
1379 2633 1734 2712 accidere
1755 2635 2063 2742 perraro
2083 2632 2326 2724 solet,
2383 2661 2552 2742 per-

189 2748 522 2829 fectioni
545 2747 895 2828 celeritas
915 2743 1373 2827 detrahebat
1390 2744 1583 2825 nihil
1602 2805 1624 2834 ,
1671 2745 1837 2855 ipso
1859 2745 2110 2827 statim
2128 2748 2357 2826 initio
2380 2803 2402 2836 ,
2441 2745 2549 2826 se-

189 2860 623 2943 liciffimum
647 2861 1087 2942 certaminis
1109 2878 1499 2941 eventum
1518 2859 1826 2941 secutus
1844 2914 1872 2952 2
1889 2859 2301 2942 westonam
2319 2856 2545 2940 fimul

190 2976 548 3086 capiebat
568 2981 650 3055 <Sc
669 2973 1030 3086 praedam.
1084 2975 1250 3054 Hic
1271 3000 1599 3084 quoque
1621 2976 1960 3055 imitatus
1977 2973 2388 3080 ingenium
2409 2973 2546 3052 So-

189 3088 278 3169 lis
302 3150 322 3179 ,
359 3092 536 3199 qui,
569 3108 661 3169 ut
693 3089 887 3170 lucis
919 3084 1443 3177 beneficium,
1483 3114 1649 3197 quo
1686 3084 1997 3169 nullum
2035 3086 2147 3165 est
2179 3087 2386 3165 inter
2404 3085 2543 3166 hu-

193 3231 415 3282 mana
436 3202 783 3285 divinius
804 3263 824 3294 ,
844 3206 1045 3284 intra
1061 3200 1593 3283 breviffimum
1613 3204 1987 3310 temporis
2005 3200 2360 3309 spatium,
2381 3196 2542 3279 Zo-

193 3313 503 3397 diacum
531 3376 552 3407 ,
588 3316 1057 3401 immensum
1094 3314 1292 3396 illud
1324 3344 1411 3395 ac
1447 3342 1798 3426 perenne
1836 3312 2384 3395 Mon-strorum
2403 3312 2539 3391 ho-

190 3428 235 3505 s
222 3431 530 3535 pitium,
547 3428 1298 3539 quam-Velociffime
1319 3431 1714 3538 percurrit.
1750 3429 1843 3509 In
1863 3429 2019 3507 hoc
2038 3456 2232 3514 uno,
2248 3453 2536 3533 magno

192 3540 595 3622 Luminari
616 3543 1004 3633 diffimilis,
1023 3543 1245 3653 quod
1263 3543 1466 3624 istud
1487 3546 1718 3625 etiam
1752 3539 2329 3623 dormientibus
2358 3541 2537 3619 oria-

193 3672 356 3733 tur:
391 3653 476 3733 K
495 3663 600 3732 ὸΝ
616 3687 633 3730 1
649 3685 696 3731 c
712 3683 866 3730 sMA
883 3686 982 3731 Rc
998 3683 1128 3733 Hm
1144 3678 1294 3739 sut
1311 3686 1718 3768 nunquam
1754 3655 1984 3738 ullius
2003 3657 2145 3734 otii
2163 3672 2537 3762 patronus

194 3766 532 3847 maxime
565 3771 646 3851 in
678 3769 982 3854 militari
1000 3770 1359 3862 delectu,
1417 3772 1702 3883 quibus
1721 3767 2171 3859 accederet,
2231 3777 2314 3848 &
2334 3793 2534 3872 quos

2385 3906 2533 3956 am-
