2628 4190
59 217 325 324 gentia
359 212 576 294 domi
606 210 945 322 forisque
983 102 1334 321 negbtiga),
1394 232 1521 294 tot
1554 219 1762 324 parta‘
1795 208 2015 297 bello
2037 239 2388 331 paceque

63 328 386 418 decora,
442 325 791 434 denique
827 346 955 405 tot
988 355 1228 416 curae,
1290 326 1627 418 labores,
1675 327 2273 422 sollicitudines,
2305 336 2382 416 in

61 440 571 552 Imperatorio
596 466 924 518 munere
944 497 965 527 ,
1021 442 1104 519 in
1126 440 1525 521 Senatoria
1545 440 1960 549 dignitate,
1995 447 2076 524 in
2098 446 2389 527 Ducali

59 552 397 665 purpura
412 609 434 642 ,
452 553 659 632 inter
677 552 1005 641 Cruces,
1023 552 1305 643 claves,
1324 582 1649 633 coronas
1669 614 1689 643 ,
1707 555 2155 648 suaviffime,
2178 562 2388 668 quie-

57 669 364 748 scerent
390 694 481 745 ac
511 683 1015 746 morarentur.
1084 665 1384 776 Neque
1417 666 1710 775 aliquid
1732 669 2006 776 justius
2038 671 2391 753 accidere

51 777 390 889 potuifle
423 779 705 858 censeo
722 834 748 872 ,
808 782 1046 888 quam
1080 806 1262 859 cum
1299 783 1672 870 Virtutes,
1732 785 2077 862 maximis
2092 784 2393 894 junstse

53 891 236 972 sunt
271 891 684 972 Honoribus
703 951 724 981 ,
759 911 848 973 ut
876 921 974 972 eo
995 891 1368 975 evaderet
1385 893 1927 976 AEternatura
1951 895 2236 978 Hero'i's
2257 926 2392 978 no-

54 1004 184 1084 stri
222 1006 370 1089 GL
390 1033 442 1084 o
461 1034 518 1084 R
537 1033 564 1082 1
583 1033 637 1084 A
655 1063 676 1093 ,
709 1025 801 1086 ut
840 1033 1007 1115 quo
1026 1005 1223 1085 ultra
1241 1025 1635 1114 pergeret,
1675 1035 1839 1087 non
1867 1007 2070 1089 effet.
2128 1009 2207 1087 O
2229 1011 2392 1123 pul-

56 1118 433 1198 cherrima
452 1116 728 1196 laboris
749 1134 984 1225 atque
1005 1120 1467 1197 meritorum
1485 1122 1834 1227 praemia!
1887 1119 1935 1198 ὃ
1958 1120 2191 1231 digna
2210 1152 2393 1232 prae-

54 1233 159 1311 tia
178 1232 527 1312 virtutis!
581 1256 801 1338 quae,
834 1227 1031 1311 ficut
1067 1229 1415 1335 dicendo
1451 1231 1797 1312 aestimari
1831 1262 1998 1313 non
2036 1236 2394 1345 possunt,

53 1346 161 1424 ita
185 1343 357 1434 ista,
393 1369 571 1451 quae
590 1345 822 1422 tantis
844 1363 1160 1424 ornatus
1175 1342 1394 1451 gessit
1412 1344 1884 1436 honoribus,
1920 1349 2186 1440 celari,
2222 1375 2395 1430 non

54 1454 377 1537 debent.
455 1455 736 1565 Atque
757 1458 983 1537 nimis
1003 1455 1198 1539 illud
1218 1459 1491 1538 tritum
1509 1458 1659 1547 est,
1696 1459 2029 1538 Honores
2050 1521 2070 1550 ,
2103 1481 2401 1540 mutant

50 1573 313 1650 mores:
375 1571 688 1680 quoties
721 1572 1162 1650 animorum
1196 1567 1541 1651 sublimis
1575 1570 1953 1663 altitudo,
2010 1571 2067 1653 fi
2098 1577 2397 1658 vir-tute

49 1700 449 1791 regeretur
468 1741 490 1772 ,
525 1686 607 1762 in
629 1681 1087 1791 exemplum
1108 1684 1329 1763 omni
1349 1682 1634 1765 saeculo
1654 1683 2059 1767 suffectura
2072 1715 2100 1790 3
2134 1686 2272 1767 ubi
2291 1743 2318 1778 ,
2354 1691 2396 1767 a

48 1797 368 1876 fortuna
400 1794 623 1875 altius
660 1794 1105 1885 extollitur,
1138 1797 1289 1876 suae
1308 1798 1766 1905 praestantiae
1783 1799 2082 1890 oblita,
2110 1802 2398 1882 incon-

49 1911 314 1988 trarios
348 1906 666 1990 affecfftus
683 1907 1124 2018 degenerat.
1183 1910 1592 2000 Athenion,
1622 1931 1784 1994 tam
1805 1910 1940 1994 diu
1957 1913 2398 1994 bonosmo-

49 2051 211 2112 res,
269 2019 367 2103 ad
424 2021 838 2133 publicum
873 2022 1286 2132 probitatis
1333 2023 1793 2135 exemplum
1830 2024 2400 2114 circumduxit,

50 2134 426 2247 quamdiu
463 2140 546 2216 in
586 2134 1192 2216 Academiarum
1213 2137 1475 2245 spaciis
1508 2196 1529 2228 ,
1600 2139 1804 2218 inter
1821 2134 2397 2221 famemffiacia

50 2251 175 2329 nia
193 2309 213 2339 ,
251 2248 351 2330 de
365 2250 708 2332 Virtutis
729 2252 983 2359 pretio
1004 2248 1449 2359 disputavit.
1524 2248 1860 2360 Oppido
1882 2252 2259 2360 Regnum
2278 2281 2400 2332 naa

51 2360 223 2442 ctus
237 2418 262 2453 ,
288 2391 456 2443 non
476 2380 788 2443 tantum
806 2390 992 2441 cum
1008 2366 1225 2468 regio
1245 2363 1807 2470 paludamento
1825 2363 2400 2474 philosophiam

54 2473 402 2564 excuffit,
427 2475 704 2555 verum
733 2472 965 2553 etiam
985 2474 1587 2582 pulcherrimam
1608 2475 2240 2559 dominationem
2256 2537 2281 2568 ,
2317 2480 2402 2557 in

52 2584 512 2667 crudeliflim
522 2615 641 2667 am
663 2583 1162 2696 tyrannidem
1182 2591 1729 2671 commutavit.
1745 2590 2401 2682 Abdalominm,ni-=

54 2698 165 2778 hil
187 2701 446 2780 minus
465 2727 491 2801 3
528 2700 686 2788 hic,
703 2699 1255 2809 quotidianum
1291 2699 1597 2782 rustum
1625 2760 1646 2790 ,
1680 2730 1779 2780 ex
1814 2702 2104 2784 hortuli
2134 2702 2355 2785 cultu
2378 2763 2400 2792 ,

55 2811 201 2892 suis
240 2839 587 2923 quaerere
622 2811 977 2894 manibus
1007 2811 1118 2896 aff
1108 2832 1372 2904 uetu8,
1429 2841 1612 2892 cum
1648 2811 1742 2893 ad
1775 2811 2398 2897 florentissimum

61 2924 575 3007 Sidoniorum
628 2923 1135 3008 destinaretur
1166 2929 1582 3038 imperium
1611 2979 1635 3016 ,
1698 2931 2010 3036 optavit
2030 2953 2067 3029 ‚⁶
2127 2948 2215 3008 ut
2249 2931 2402 3039 qua

60 3037 436 3121 ‘modestia
456 3041 806 3150 inopiam
826 3037 1225 3131 tulerat,ea
1238 3040 1632 3151 sceptrum
1651 3043 1808 3150 pati
1826 3041 2093 3150 poffet.
2112 3040 2401 3123 Tantae

64 3148 376 3255 Caesaris
404 3152 758 3236 vfflcoriae
779 3181 944 3233 non
965 3151 1311 3244 fuerunt,
1332 3156 1843 3264 utimperaret
1860 3212 1880 3244 ,
1908 3183 2237 3264 quarum
2260 3155 2403 3235 obs

60 3259 295 3354 litus,
357 3266 533 3374 plus
572 3269 912 3348 criminis
948 3264 1204 3357 domi,
1265 3296 1499 3378 quam
1533 3266 1775 3348 laudis
1794 3271 1876 3348 in
1897 3268 2180 3350 Castris
2202 3269 2400 3349 obtis

62 3379 258 3458 nuit.
322 3381 803 3487 Damcfippm
823 3439 842 3469 ,
902 3379 1149 3460 nullas
1183 3383 1520 3464 Virtutes
1539 3380 1811 3462 habuit
1831 3441 1851 3471 ,
1911 3408 2096 3490 quas
2114 3381 2400 3463 scelere

64 3513 648 3600 corrumperet3
708 3496 971 3603 itaque
993 3491 1195 3574 illius
1223 3498 1265 3575 a
1285 3494 1516 3575 nobis
1536 3498 1911 3575 memoria
1931 3554 1950 3584 ,
1985 3494 2400 3575 licentiore

65 3607 432 3685 convitio
468 3607 1055 3714 perstringitur3
1087 3610 1305 3718 cujus
1339 3608 1592 3689 insana
1621 3607 2032 3690 crudelitas
2055 3665 2079 3698 ,
2116 3609 2396 3688 Princi—

62 3743 260 3825 pum
295 3718 666 3804 CiVitatis
702 3722 992 3831 capita,
1052 3722 1470 3806 hostiarum
1505 3722 1885 3834 capitibus
1914 3721 2397 3912 Ρεῐῐηὶίὲιιίῐε

1307 3835 1379 3915 L
1445 3859 1489 3913 2
2153 3862 2192 3912 a
2253 3833 2351 3912 eo
2372 3878 2423 3921 ,-
