2628 4190
75 220 468 300 mentium
486 220 921 328 corruptrix
937 111 1235 301 sustulit
1251 111 1570 316 igvidio,
1608 249 1787 307 eum
1811 251 1936 310 me
1955 226 2343 341 elinguem
2368 295 2387 325 ,

75 341 161 413 δε
193 330 688 422 indisertum,
723 330 819 411 ad
852 334 1265 416 enarranda
1296 336 1687 445 gestorum
1722 360 2040 424 tuorum
2073 346 2387 440 decora,

76 443 482 528 adduxerit
515 442 993 525 laudatorem
1011 476 1046 542 9·
1079 450 1160 526 in
1199 477 1361 557 quo
1385 450 1575 530 nihil
1596 452 1801 532 aliud
1820 455 1930 534 est
1946 515 1967 545 ,
2001 457 2222 566 quod
2243 462 2390 569 pla-

76 585 251 639 cere
270 553 498 664 poffit
517 615 537 644 ,
569 561 924 666 quamvis
957 558 1305 640 voluerit
1323 620 1344 650 ,
1375 584 1656 670 praeter
1687 567 2003 668 Affiolm
2031 571 2340 651 sotorum
2356 604 2392 673 ,-

74 699 162 751 ac
190 667 586 749 aemulatio
605 672 1040 773 virtutum3
1070 700 1397 782 quarum
1416 677 2038 784 magnitudinem
2056 737 2079 772 ,
2113 704 2392 767 utcun-

72 810 230 894 que
248 785 621 891 pertexui.
680 781 814 863 Tu
833 841 855 873 ,
887 802 1152 867 tamen
1171 815 1428 868 rerum
1446 789 1852 898 opulentia
1872 792 2394 888 laudabilium,

72 893 652 1004 compensabis,
713 895 846 979 Vel
865 899 949 978 in
1006 897 1168 978 No
1189 929 1234 980 c
1255 929 1379 982 TE
1441 920 1572 982 tua
1609 962 1631 993 ,
1691 931 1869 1014 quae
1903 906 2091 984 Soles
2123 912 2390 1003 vehit,

67 1009 406 1091 sterilem
436 1006 881 1089 facundiam
918 1008 1330 1094 laudatoris
1361 1044 1388 1116 3
1461 1023 1544 1094 &
1577 1072 1601 1106 ,
1664 1045 1897 1126 quam
1931 1047 2079 1128 ego
2122 1023 2392 1104 Lucem

67 1123 333 1204 afferre
369 1150 537 1203 non
569 1123 838 1232 potui,
874 1122 1417 1205 commodabit
1474 1127 1533 1205 P
1552 1156 1600 1206 o
1618 1157 1653 1207 s
1671 1155 1725 1209 Τ
1741 1159 1790 1209 E
1809 1160 1866 1210 R
1887 1161 1936 1210 o
1951 1159 1999 1206 R
2018 1163 2067 1215 u
2085 1165 2143 1212 M
2175 1135 2391 1217 Tuo-

65 1265 281 1326 rum,
312 1243 441 1325 &,
462 1251 868 1344 quotquot
885 1235 1297 1317 nascentur
1312 1238 1610 1329 abillis,
1644 1245 1967 1325 eximius
1984 1247 2392 1357 splendor,

65 1354 149 1433 in
169 1374 509 1460 quorum
527 1344 661 1428 Tu
680 1346 980 1458 semper
995 1348 1446 1458 peetoribus
1466 1356 1740 1436 Vivere
1759 1411 1783 1446 ,
1806 1385 2213 1469 nunquam
2229 1393 2392 1445 moe-

65 1468 182 1553 ri,
240 1458 576 1543 voluisti.
632 1458 1039 1543 Pretiofius
1071 1461 1395 1546 Posteris
1428 1490 1595 1547 non
1625 1486 1934 1577 poteras
1951 1472 2394 1585 relinquere

64 1579 384 1684 Pignus,
417 1600 652 1682 quam
682 1602 771 1654 ea
801 1574 1166 1683 Pignora,
1197 1576 1484 1686 quibus
1518 1598 1653 1660 tua
1682 1581 1836 1691 ipsa
1851 1583 2091 1668 hodie
2151 1592 2296 1673 GL
2316 1621 2395 1672 o,

63 1719 150 1773 ni
168 1718 224 1772 A
298 1687 616 1768 tradidit
684 1685 833 1769 *A
850 1713 904 1767 N
927 1713 988 1768 N
1007 1717 1059 1770 u
1078 1716 1128 1770 L
1146 1718 1200 1770 u
1218 1717 1276 1767 M
1331 1720 1650 1774 aureum
1666 1723 1702 1791 ,·
1736 1712 1827 1776 ut
1842 1697 2159 1782 arduam
2187 1762 2210 1793 ,
2264 1734 2394 1786 eo·
2480 1719 2622 1821 ἔξω

65 1804 253 1887 dem
286 1799 471 1883 loco
504 1798 1018 1912 conspirantis
1034 1805 1118 1884 in
1138 1831 1303 1883 uno
1297 1805 1629 1909 fortuna?
1640 1835 1728 1889 ae
1744 1817 2091 1917 potentiae
2115 1813 2396 1911 studio,
2455 1794 2628 1935 {ma}

64 1918 479 2004 fraternam
529 1913 890 1999 colerent
935 1923 1021 1998 δε
1068 1937 1415 2000 amarent
1467 1919 1949 2004 Concordiam.
2041 1926 2136 2008 In
2181 1933 2398 2042 cujus
2457 1962 2628 2061 3333

174 2032 561 2123 GEMMA,
619 2032 853 2111 etiam
868 2028 1383 2140 insculperet,
1415 2032 1553 2116 nifi
1556 2036 1718 2143 jam
1749 2037 2288 2154 insculpfiffet,
2458 2076 2628 2162 {5353

420 2145 839 2256 imaginem
870 2198 896 2237 2
955 2142 1149 2227 Ver&
1186 2145 1459 2258 Regiae
1515 2148 2050 2247 SAPIENT1AE‚
2460 2149 2628 2218 tonifih'«

639 2256 1137 2348 Vuwu-ms,
1190 2288 1282 2343 ac
1315 2264 1811 2347 Honoaum.
