2628 4190
588 195 1668 277 QAPHORJSMUS
1768 195 1980 276 VII.

134 385 327 462 s&
458 378 575 457 At
628 404 822 456 novel
842 375 1419 482 Nomindfaestlsj'.
1485 400 1592 462 An
1621 403 1737 478 jam
1755 397 1962 461 dedit?
1999 397 2142 460 Haec
2170 398 2469 462 Nobilita«

133 499 153 512 “
221 484 244 559 ζ
290 515 293 522 ’
410 493 427 560 {-
455 490 529 548 tis
549 486 741 569 gloria
757 537 775 562 ‚
798 488 1060 548 imitatio
1077 489 1343 553 Virtutis
1362 488 1618 571 antiquae
1639 534 1654 560 ,
1674 486 1880 546 aemula
1897 491 2188 548 memoria
2204 489 2473 572 optimo-2

159 622 171 634 x
307 599 341 642 5
453 594 585 635 rum
605 576 891 639 Avorum
910 615 926 641 ,
947 593 1056 635 nec
1076 574 1201 636 tam
1217 578 1516 654 majorum
1534 571 1735 633 colere
1755 574 2066 655 imagines,
2086 572 2268 659 quam
2285 571 2466 632 facta:

334 665 336 667 ’
446 662 681 747 quippe
698 711 716 737 ,
735 661 960 723 clarum
977 659 1090 722 effe
1106 662 1460 727 Virtutibus
1477 700 1494 725 ,
1514 664 1705 735 major
1722 658 2008 721 nobilitas
2029 658 2111 719 est
2128 709 2143 734 ,
2163 681 2290 744 quac
2308 679 2474 718 men-‚

131 764 274 808 tem,
294 766 421 806 non
439 747 790 830 sanguinem
807 745 1102 810 honestat3
1121 768 1234 808 nec
1253 744 1682 808 conditionem
1698 741 1954 804 fortunae
1970 743 2336 828 inspicit,sed
2355 747 2476 803 ani-

127 851 314 891 mum.
361 831 565 909 Major
584 836 755 916 regio
774 838 1045 895 nomine,
1065 833 1166 895 sed
1186 836 1255 897 &
1272 830 1510 893 felicior
1528 880 1544 906 ‚
1558 825 1812 907 johannis
1831 827 2144 912 christophori
2159 832 2477 912 [wingmar-

129 915 224 996 Chij
249 919 463 983 Virtus
480 915 618 994 fuit,
637 921 745 1004 qui
762 921 922 1002 regia
938 914 1089 980 facta
1106 919 1344 981 secutus
1361 966 1379 992 ,
1399 919 1572 1000 regiae
1589 916 1712 1001 spei
1732 913 2003 998 auspiciis
2021 913 2185 975 orsus
2203 916 2478 976 laborem

129 1001 462 1064 Militarem
481 1053 497 1079 ,
518 1006 588 1068 &
606 1007 853 1087 negotia
871 1004 1084 1066 Martis
1103 1046 1120 1071 ‚
1143 1005 1312 1066 velut
1330 1004 1727 1067 victoriarum
1744 1000 2247 1084 consequentium
2265 1020 2474 1064 omen,

129 1090 196 1148 in
217 1089 491 1152 Nomine
508 1091 639 1167 suo,
659 1092 1090 1176 Majorumque
1108 1088 1353 1151 suorum
1371 1086 1559 1152 fastis,
1588 1088 1839 1148 Nomen
1859 1107 1998 1145 cum
2015 1090 2223 1146 omine
2242 1089 2302 1145 in
2320 1083 2476 1145 fastis

131 1175 400 1236 retinuit.
458 1177 748 1238 Aliorum
779 1177 1024 1256 Regum
1045 1176 1314 1237 Nomina
1333 1222 1351 1248 ,
1370 1176 1463 1235 vis
1485 1175 1554 1236 δε
1574 1173 1848 1255 potentia
1868 1170 2230 1256 praesumpfit
2251 1170 2478 1255 potius,

130 1258 316 1343 quam
336 1264 558 1322 meruit
586 1263 772 1323 Virtm.
830 1261 1109 1320 Poliorceta
1136 1261 1207 1321 ab
1224 1261 1582 1342 expugnatis
1601 1256 1887 1321 Urbibus
1908 1298 1922 1320 ,
1945 1258 2368 1340 agnominatus
2401 1255 2481 1314 est

131 1349 418 1407 Demetrius
449 1349 759 1429 Antigoni
777 1345 951 1408 filius.
979 1345 1279 1409 Ceramicus>
1300 1347 1330 1407 ὲ
1346 1342 1620 1406 fulmine,
1638 1343 1944 1402 Ptolomaeus.
2008 1342 2274 1425 JNQ'canor,
2296 1343 2326 1402 a
2347 1343 2480 1400 vin-

134 1430 350 1492 cendo.
405 1431 617 1515 eAquila
634 1482 652 1506 ‚
675 1430 957 1512 Pyrrhus.
1000 1429 1301 1513 essccipicres
1318 1472 1333 1495 ,
1355 1430 1469 1490 alii.
1515 1428 1832 1488 Omnibus
1860 1424 2091 1512 praefcrt
2125 1425 2480 1488 Plutarchus

129 1513 356 1595 Arzstidis
375 1530 883 1599 cognomentum,
901 1517 1008 1601 qui
1036 1520 1181 1595 jufz'm
1211 1516 1242 1577 a
1260 1518 1487 1577 virtute
1503 1513 1601 1575 sua
1619 1511 1698 1573 est
1717 1514 2063 1597 appellatus.
2088 1515 2266 1573 Nulla
2285 1514 2483 1594 digni-

133 1604 271 1663 tatis
286 1602 621 1686 appendice
651 1602 1061 1669 introducitur
1091 1601 1190 1662 hic
1220 1599 1478 1678 Jolmnnes
1508 1595 1851 1681 Christophorm
1871 1598 2300 1680 K'o'mgmmrchim
2318 1649 2332 1673 ‚
2356 1618 2483 1657 non

133 1687 443 1761 Comes‚non
474 1685 1083 1771 Campifflslareschallzffl
1103 1709 1230 1749 non
1261 1689 1434 1770 ‘Regni
1452 1690 1677 1760 Senator,
1697 1705 1823 1745 non
1862 1682 2305 1768 §ubernatomsuo
2338 1683 2485 1767 Q-

132 1776 254 1832 mine
287 1772 543 1841 tantum,
563 1792 631 1835 ut
661 1772 917 1832 Hannibal
938 1771 1143 1833 clarus,
1189 1774 1289 1832 De
1307 1794 1434 1857 quo
1452 1771 1659 1833 retulit
1683 1770 2079 1833 Claudianus>

598 1898 665 1908 ---
779 1898 875 1908 ----
946 1877 1126 1943 proque
1148 1855 1353 1917 omnibns
1368 1860 1514 1917 armis

604 1946 682 2002 Ec
703 1942 974 2027 Castrorum
989 1941 1163 2026 opzbus’,
1181 1944 1457 2028 dextrisque
1480 1946 1740 2003 recentibus
1759 1965 1776 1999 .·
1792 1945 1959 2002 ‘Unum

600 2028 891 2089 Hanniball?
904 2036 979 2101 sat
995 2029 1221 2112 Qornen
1237 2046 1358 2088 erat.

136 2116 234 2175 Sic
265 2112 388 2200 ipse
419 2114 529 2176 fibi
560 2112 780 2177 sufficit
827 2115 1260 2197 Kffiattgsmarsqim,
1309 2118 1378 2179 &
1430 2116 1464 2175 S
1485 2115 1624 2177 AT
1644 2115 1674 2176 1
1696 2116 1730 2176 S
1764 2113 1861 2174 est.
1951 2114 2219 2195 Regium
2240 2110 2484 2172 titulum

136 2202 206 2263 &
241 2201 550 2277 Majorum
583 2200 819 2284 sanguis
853 2199 1024 2262 dedit
1042 2248 1058 2273 ,
1107 2201 1176 2264 ὃζ
1209 2202 1464 2285 proprice
1495 2203 1739 2263 virtutis
1771 2198 2135 2281 magnitudo
2167 2219 2241 2258 ex
2272 2198 2486 2278 Regiis

133 2284 301 2347 faffis
342 2282 504 2347 fecit.
594 2289 789 2369 Regia
822 2289 1007 2370 Regii
1039 2287 1267 2348 Herois
1297 2285 1735 2347 nomenclatura
1767 2284 1848 2345 est
1896 2283 2276 2367 Korzzgsmarclp
2323 2279 2485 2367 quafi

137 2371 170 2429 e
214 2371 504 2434 &marchia
533 2374 737 2454 Regia,
771 2372 868 2434 vel
900 2373 1063 2452 regia
1095 2371 1393 2432 medulla,
1436 2374 1490 2433 R
1512 2374 1639 2432 EX
1682 2390 1867 2431 ortus.
1926 2368 2231 2429 Idoneum
2263 2387 2486 2448 magno

135 2455 418 2516 Bellatori
448 2458 701 2516 Nomen
727 2483 740 2520 3
779 2456 929 2517 ficut
962 2459 1032 2520 &
1072 2458 1265 2517 Darius
1282 2504 1298 2530 ,
1341 2457 1372 2516 ὲ
1403 2455 1750 2517 coercendo
1770 2477 1789 2522 5
1835 2455 2028 2514 Xerxes
2046 2503 2064 2528 ‚
2099 2454 2129 2513 a
2161 2452 2447 2513 bellando
2467 2501 2485 2526 ‚

136 2543 411 2602 Nomina
436 2541 730 2623 accepere.
779 2539 1203 2624 K'o'mgsmarchius
1233 2539 1572 2623 aregcndo.
1621 2542 1722 2606 Ut
1754 2539 1878 2600 fine
1909 2540 2104 2600 livore
2137 2561 2200 2598 ac
2234 2537 2484 2610 invidia,

136 2624 489 2686 fortissimus
507 2667 523 2689 ‚
542 2624 966 2687 strenuissimus
983 2675 1000 2701 ,
1022 2647 1086 2685 ac
1104 2624 1594 2710 prudentissimus
1613 2624 1752 2687 esset
1771 2676 1789 2701 ,
1808 2625 1938 2710 plus
1970 2624 2179 2684 habuit
2199 2646 2271 2683 cx
2305 2625 2485 2705 regiis

137 2709 323 2773 fastis,
344 2712 526 2795 quam
545 2711 718 2773 multi
738 2713 962 2793 RegeS,
983 2710 1058 2771 de
1077 2713 1237 2792 regia
1254 2709 1448 2796 stirpe.
1482 2713 1616 2772 Tot
1633 2729 2008 2783 ornamenta,
2030 2733 2091 2769 ac
2110 2710 2486 2769 emolumen-

138 2815 196 2858 ta
215 2799 396 2879 regia,
415 2795 635 2865 fiducia
651 2795 1030 2858 fortitudinis
1047 2796 1219 2856 dedit
1239 2820 1252 2858 3
1287 2799 1355 2859 &
1374 2795 1537 2881 quafi
1571 2799 1630 2856 R
1649 2799 1699 2856 E
1716 2799 1774 2856 X
1793 2845 1810 2869 ‚
1844 2816 1983 2854 cum
2004 2798 2293 2874 Regnum
2313 2796 2484 2877 Rege

142 2881 407 2943 caruisset
426 2930 444 2956 ,
465 2885 624 2944 rexit
654 2885 1027 2943 Exercitum.
1084 2882 1272 2963 Regii
1290 2880 1606 2964 diligentia
1632 2880 1858 2945 Ducis,
1879 2879 2259 2964 praecipiebat
2279 2898 2482 2963 pugnas,

142 2967 592 3052 praeoccupabat
615 2967 868 3029 Viflorias.
916 2963 1267 3050 Priusquam
1285 2967 1598 3028 sentiretur
1616 2963 1815 3027 hostis,
1835 2966 2034 3026 victor
2055 2964 2347 3024 audiebat.
2378 2965 2485 3025 Fe-

144 3055 227 3112 lix
249 3052 392 3112 belli
411 3054 619 3112 nutrix
637 3052 950 3135 vigilantia
971 3101 985 3124 ‚
1007 3054 1076 3114 &
1096 3049 1519 3115 vadimonium
1535 3050 1837 3111 felicitatis
1857 3050 2082 3110 bellicae
2098 3092 2113 3114 ‚
2140 3055 2296 3131 regia
2317 3048 2484 3110 indu·-

142 3136 270 3199 stria
290 3136 384 3196 cst.
435 3136 688 3215 Adiecit
718 3135 1146 3221 K‘o‘mgsmarchius
1177 3137 1504 3200 virtutibus
1539 3139 1717 3220 regiis
1744 3157 1883 3196 cum
1902 3134 2101 3197 {lucin
2118 3134 2361 3197 consilia
2382 3185 2396 3210 ‚
2418 3153 2485 3195 ut

145 3225 210 3282 in
230 3224 390 3304 regia
406 3242 652 3306 quoque
671 3220 847 3306 stirpe
865 3264 881 3286 ‚
914 3242 1036 3281 nova
1062 3220 1198 3279 daret
1212 3220 1605 3302 Nominafastir
1628 3270 1641 3294 ‚
1660 3220 1845 3282 factis
1879 3221 2192 3283 Foecunda
2211 3217 2485 3282 censetur

142 3306 364 3366 ‘Phoenix
395 3347 411 3371 ,
459 3310 696 3368 unicam
725 3307 814 3368 sui
841 3305 1328 3372 similitudinem,
1368 3312 1425 3367 in
1457 3305 1678 3367 favillis
1700 3310 1766 3370 ἃ
1796 3308 2099 3367 cineribus
2117 3307 2482 3389 relinquens.

143 3391 560 3477 Multiplicem
578 3394 820 3477 reliquit
858 3391 1283 3473 Rsszzt‘gmmrchius
1300 3434 1317 3456 ‚
1349 3396 1411 3453 in
1444 3394 1501 3452 C
1517 3393 1579 3450 O
1599 3389 1726 3454 NR
1742 3398 1801 3455 A
1816 3397 1874 3455 D
1892 3393 1952 3451 O
1996 3394 2054 3452 C
2074 3393 2134 3452 H
2148 3395 2203 3452 R
2220 3393 2245 3453 I
2265 3394 2299 3451 S
2321 3393 2375 3456 T
2393 3392 2483 3449 O·-

145 3478 192 3540 P
216 3477 277 3538 H
297 3479 360 3537 O
382 3479 441 3537 R
461 3476 524 3535 O
546 3524 565 3549 ,
601 3477 671 3539 δί
708 3479 771 3536 O
792 3475 850 3536 T
869 3478 928 3538 T
951 3477 1013 3535 O
1037 3478 1096 3538 N
1116 3478 1166 3538 E
1197 3479 1325 3545 WI
1345 3481 1396 3537 L
1417 3477 1480 3540 H
1500 3479 1550 3538 E
1570 3479 1623 3535 L
1643 3479 1713 3536 M
1735 3479 1797 3536 O
1820 3516 1835 3539 ,
1871 3475 2259 3538 illustrissimis
2292 3480 2483 3558 ‘Pigno-

146 3561 275 3622 rihus
304 3585 324 3620 .·
369 3580 436 3623 ut
465 3582 595 3622 non
619 3558 871 3643 foecundm
900 3563 1132 3624 tanturn
1175 3566 1352 3643 regiis
1387 3563 1717 3625 virtutibus
1753 3560 2070 3623 haberetur
2101 3564 2163 3623 in
2194 3566 2348 3635 vita,
2381 3560 2482 3621 led

350 3645 482 3730 post
500 3648 686 3713 vitam
703 3651 879 3708 etiam
896 3645 1179 3730 sanguine
1198 3650 1368 3728 regio
1395 3646 1606 3727 illustris.
1645 3648 1809 3709 Hinc
1842 3650 1899 3708 R
1922 3650 1971 3710 E
1990 3651 2044 3710 G
2064 3649 2091 3706 Ι
2112 3648 2182 3712 U
2203 3650 2278 3707 M

715 3732 779 3794 N
800 3733 861 3791 O
884 3730 959 3794 M
976 3735 1028 3797 E
1047 3732 1109 3798 N
1149 3729 1207 3790 ab
1226 3751 1403 3792 aeterna
1430 3729 1727 3811 Posteritate
1739 3736 1893 3814 seret.
