2628 4190
91 259 296 318 nitatis
314 304 332 331 ,
350 254 519 317 altius
546 251 957 340 speculabatur
976 249 1243 332 animus;
1277 244 1601 332 propterea
1630 262 1829 307 rerum
1853 238 2244 304 humanarum
2259 239 2415 304 solli-

91 341 304 402 citudo
323 340 570 400 anxium
587 356 713 398 non
732 332 941 397 habuit
957 373 974 398 ,
993 335 1132 416 quia
1148 331 1205 393 se
1243 331 1467 390 hominem
1510 328 1621 390 esse
1639 368 1655 392 2
1673 348 1822 387 mox
1841 325 1991 391 nihil
2007 323 2276 388 futurum
2293 328 2416 402 ‚di-

88 427 255 487 dicit.
300 425 472 486 Felix
491 417 919 506 &impavidus
935 414 1050 480 fuit
1067 417 1254 501 usque
1272 415 1344 477 ad
1362 433 1649 486 mortem,
1666 411 1792 476 sive
1809 411 2204 478 meditatione
2223 415 2417 473 conti-

90 505 616 575 nuafflortinfivc
636 506 900 569 sollicito
918 500 1114 564 studio
1131 503 1362 564 Virtutis.
1394 498 1596 583 AEqub
1619 494 1766 558 felix
1785 515 1920 558 ante
1945 499 2236 561 fflslortem.
2267 498 2418 557 Ter-

91 615 228 657 rena
244 593 521 667 felicitas,
537 589 797 654 coelestis
814 584 1227 651 Providentiae
1244 585 1325 646 est
1340 589 1526 669 gratia
1543 623 1561 647 ‚
1582 585 1653 645 ἃ
1671 582 1811 665 quia
1825 580 2228 643 feliciffimum
2245 577 2423 657 hujus

91 678 305 741 mundi
324 686 556 741 exitum
574 676 779 737 nactus
796 673 877 736 est
899 721 915 745 ,
932 670 1187 733 faustum
1203 669 1551 731 aeternitatis
1571 664 1803 728 aditum
1832 668 2103 728 incurrit.
2162 667 2189 726 Ι
2198 670 2420 729 nverti-

90 785 187 826 tur
203 763 455 826 felicitas
473 759 823 845 temporalis
836 760 996 825 Vitae
1011 755 1409 819 subeuntibus
1423 771 1719 816 aeternam.
1754 751 1931 830 Qos
1946 753 2175 813 aeternis
2190 751 2420 834 gaudiis

90 848 483 912 felicitaturus
500 845 581 907 cst
614 847 677 908 D
697 846 750 908 E
765 843 840 910 U
860 845 917 908 S,
942 839 1382 925 temporalibus
1399 836 1731 900 manifestat
1748 835 1989 897 indiciis
2008 860 2022 898 3
2041 857 2240 922 neque
2257 840 2422 899 enim

90 932 412 1009 distimulat
428 935 492 994 in
510 931 618 992 hac
634 932 762 997 vita
777 928 1153 1013 culpas,quas
1171 926 1388 1010 punire
1405 944 1532 985 non
1550 922 1682 987 vult
1699 923 1763 982 in
1778 925 2011 983 aeterna.
2059 921 2122 985 U
2136 941 2158 983 t
2178 920 2423 984 fortissi-

88 1024 327 1094 mus,ita
343 1015 742 1105 pientissimus
760 1013 983 1077 Herm,
1001 1008 1412 1095 temporaliter
1429 1029 1620 1094 quoq3
1637 1004 1947 1080 beatus,ad
1960 1022 2238 1068 aeternam
2254 1006 2423 1070 ador·
2469 1061 2476 1066 .

88 1106 337 1166 nabatur
368 1103 620 1163 Salutem.-
650 1104 819 1177 cujus
850 1111 1278 1180 argumentum
1292 1093 1522 1160 salutis,
1551 1093 1818 1178 praeclara
1834 1090 2087 1158 fiducia,
2105 1094 2174 1155 ὃς
2192 1091 2424 1154 confes-

70 1188 175 1250 sio
192 1186 322 1251 fuit.
359 1185 554 1271 Qod
570 1201 848 1248 mortuus
866 1180 941 1245 fit
954 1230 971 1258 ‚
991 1183 1258 1244 humanae
1275 1178 1422 1242 istud
1440 1175 1776 1263 fragilitatis
1798 1182 2255 1259 Argumentum
2269 1176 2384 1240 fuit
2406 1204 2418 1238 ε

88 1273 260 1359 quod
279 1279 358 1335 ita
382 1288 658 1334 mortuus
678 1311 693 1336 ‚
725 1270 947 1332 divinae
973 1268 1372 1352 praerogativa
1399 1263 1706 1326 felicitatis
1724 1259 1821 1324 est.
1867 1263 1995 1324 Ter
2008 1258 2157 1323 felix
2182 1270 2193 1323 !
2235 1266 2334 1324 cui
2352 1266 2424 1328 &

91 1367 275 1419 ‘vivere
306 1355 552 1419 felicitas
571 1355 723 1428 fuit,
746 1357 814 1418 ἓξ
848 1357 965 1411 mori
993 1351 1142 1413 salus
1166 1400 1181 1424 ‚
1217 1354 1287 1414 δε
1323 1351 1486 1434 gloria
1532 1351 1844 1411 aeternitas.
1906 1350 1953 1408 F
1971 1349 2031 1413 A
2050 1347 2127 1408 M
2148 1353 2210 1410 A
2252 1350 2422 1433 ἅρμα.

87 1444 207 1519 chri,
230 1442 669 1530 repraesentabit
704 1438 1130 1500 POSTERIS
1170 1434 1443 1497 ardorem
1463 1456 1527 1497 ac
1547 1438 1834 1519 pietatem
1863 1434 2038 1492 Herois
2061 1482 2075 1506 ‚
2101 1432 2423 1518 posthumo

90 1533 266 1591 etiam
286 1530 588 1615 praeconio
607 1525 854 1609 dignam
874 1540 970 1584 :ut
986 1526 1112 1600 ejus
1128 1524 1349 1582 memoria
1375 1518 1685 1606 speculum
1703 1521 1942 1583 virtutis
1958 1518 2426 1583 s1t3laus,incita-

87 1633 363 1675 mentum
383 1613 603 1697 gloriae.
649 1611 1021 1672 Liberorum
1036 1609 1227 1674 vitam
1243 1621 1462 1691 optant
1490 1606 1821 1670 Genitores
1838 1650 1858 1678 ,
1874 1608 1979 1667 rati
1997 1603 2427 1668 mortalitatem

88 1697 454 1761 successione
470 1695 795 1760 emendari3
815 1715 927 1756 nec
942 1695 1224 1755 morituri
1241 1689 1402 1753 aliud
1419 1692 1609 1773 magis
1626 1691 2124 1776 appetunnquam
2141 1692 2427 1753 aetcrnita-

89 1805 214 1845 tem
233 1788 293 1845 in
315 1782 650 1846 haeredibus
669 1777 1084 1843 affectandam.
1122 1778 1183 1839 C
1211 1778 1336 1839 OE
1351 1776 1410 1838 T
1431 1778 1482 1838 E
1502 1777 1564 1840 R
1582 1775 1646 1835 O
1670 1776 1709 1835 S
1741 1774 2018 1837 monebit
2035 1774 2152 1836 haec
2184 1777 2427 1860 Magni

94 1871 347 1952 Nominis
364 1867 578 1935 Umbra,
599 1867 868 1929 humanae
883 1863 1265 1927 mortalitatis
1284 1911 1302 1937 ‚
1320 1883 1387 1923 ac
1415 1859 1591 1924 sortis
1606 1860 1874 1921 mortalis
1893 1884 1908 1923 3
1938 1861 2150 1922 Fortes
2179 1862 2345 1947 aeque
2361 1880 2428 1922 ut

92 1959 348 2036 ignavos
369 1981 381 2019 3
401 1951 646 2016 miseros
664 1973 726 2013 ac
744 1951 1093 2014 fortunatos
1108 1995 1127 2023 ,
1144 1965 1213 2010 ut
1241 1946 1444 2007 homines
1462 1950 1578 2005 mori
1582 1946 1726 2029 poſjZ‘.
1756 1943 1901 2006 Hoc
1919 1966 2106 2006 unum
2124 1944 2206 2007 est
2221 1995 2239 2021 ,
2257 1946 2429 2031 quod

95 2042 358 2102 maxime
388 2058 572 2102 terret
603 2036 809 2099 felices
826 2085 844 2113 ,
863 2034 1027 2122 poffe
1048 2054 1179 2097 non
1196 2029 1404 2095 felices
1422 2029 1566 2095 cssc3
1601 2027 1764 2116 posse
1783 2030 1856 2091 ab
1874 2030 1971 2091 illa
1985 2029 2194 2113 fugere
2212 2074 2229 2097 ,
2247 2053 2429 2117 quam

93 2126 421 2211 sequuntur
439 2124 749 2186 fortunam
769 2147 781 2186 3
802 2119 1046 2184 tandem
1069 2119 1264 2182 velint
1284 2154 1297 2181 >
1316 2133 1416 2179 aut
1447 2116 1646 2177 nolint
1663 2158 1680 2182 ,
1700 2114 1921 2176 debere
1951 2123 2081 2176 mori.
2141 2118 2292 2179 Rara
2311 2115 2428 2178 haec

95 2215 392 2294 cogitatio
411 2213 743 2293 migraturae
759 2207 1060 2269 felicitatis
1078 2201 1519 2289 poffidentibus
1536 2201 1720 2263 illam·
1754 2203 1845 2263 At
1863 2222 2002 2261 cum
2026 2202 2182 2264 subit
2200 2223 2430 2263 memo-

98 2301 242 2357 riam
265 2298 480 2358 Felicis
498 2334 511 2358 ,
537 2313 678 2355 cum
696 2311 924 2355 terrore
941 2289 1041 2354 cst,
1061 2309 1202 2350 cum
1219 2290 1377 2350 curis
1395 2335 1411 2362 ,
1431 2307 1569 2348 cum
1589 2287 1936 2371 peruigiliis.
1976 2286 2131 2347 Nam
2151 2288 2431 2371 quemad-

97 2383 351 2443 modum
384 2384 577 2462 flnvim
605 2379 744 2440 suos
762 2376 938 2438 habet
957 2378 1223 2458 gurgites
1244 2422 1261 2448 ‚
1282 2373 1504 2457 quibus
1527 2375 1590 2433 in
1609 2391 1826 2454 gyrum
1846 2374 2119 2436 vertitur,
2142 2373 2315 2436 &ibi
2335 2396 2433 2458 pc-

97 2468 412 2529 riculofior
429 2465 687 2528 natanti,
702 2462 803 2524 ubi
838 2462 934 2522 hic
952 2461 1368 2522 convertitur:
1403 2459 1486 2519 ita
1505 2455 1625 2543 ipsa
1641 2454 1859 2538 felicitas
1876 2505 1891 2530 ‚
1911 2457 2175 2542 quaedam
2193 2465 2434 2540 vertigo

97 2551 307 2636 capitis
329 2552 407 2612 est
424 2600 440 2625 ,
457 2569 525 2611 ut
542 2549 604 2610 id
623 2551 684 2609 in
702 2548 993 2608 felicitate
1011 2549 1297 2627 ignorent
1314 2540 1540 2613 felices,
1559 2539 1731 2626 quod
1749 2540 1977 2603 vident.
2035 2544 2272 2604 Contra
2291 2565 2435 2604 con-

97 2639 405 2699 scientiam
427 2634 586 2696 suam
619 2633 874 2694 credunt
892 2631 1240 2691 felicitatem
1263 2677 1277 2702 ,
1296 2648 1475 2712 quam
1493 2630 1887 2711 experiuntur
1905 2628 2212 2688 miseriam.
2263 2630 2437 2689 Solli-

99 2728 358 2783 citantur
378 2720 700 2781 timoribus
720 2769 734 2792 ,
756 2719 1146 2800 acquiruntur
1164 2711 1470 2798 periculis,
1491 2712 1900 2796 percelluntur
1928 2711 2175 2773 damnis..
2230 2716 2437 2774 Perin-

99 2811 177 2869 de
198 2813 257 2868 in
277 2807 560 2868 felicitate
580 2807 805 2866 suntme
827 2799 1161 2872 miserrimi,
1188 2801 1256 2861 &
1277 2812 1488 2857 contra
1506 2794 1593 2857 sui
1613 2799 1795 2858 animi
1814 2795 1996 2858 fidem
2015 2798 2229 2858 colunt
2246 2795 2439 2858 fortu-

104 2918 238 2955 nam
258 2945 274 2969 ,
305 2914 483 2978 quam
506 2895 790 2955 ignorant
811 2885 1133 2958 miseriam,
1154 2882 1293 2943 cum
1312 2881 1576 2961 videant,
1597 2883 1712 2943 esse
1730 2908 1743 2945 5
1762 2882 1892 2944 tum
1927 2886 1986 2942 N
2006 2885 2112 2943 OS
2158 2885 2215 2943 R
2237 2884 2299 2943 A
2319 2885 2362 2944 P
2386 2887 2432 2952 Ι,

531 2956 806 3059 ‘'QJo
856 2969 1332 3036 CUNCTA
1373 2967 2007 3033 FERUNTUR.
