2628 4190
573 129 1131 242 (ᾸῬΗΟΚ
1169 127 1642 216 [SMUS
1740 139 1923 220 III

100 402 112 409 1
173 407 187 426 a
359 371 374 381 χ
408 295 641 375 Endit
658 300 737 374 in
751 296 1597 379 ultimaMundiAEAMA
1615 313 1835 399 nempe
1849 310 2099 388 Johasmis
2115 316 2427 402 Christqvhori

85 454 111 486 ..t
176 455 212 495 :N
275 434 295 444 a
415 405 809 488 Kamgfinarchii
825 455 842 480 ,
872 428 1001 492 quae
1018 407 1243 469 nullam
1259 414 1500 494 prorsus
1518 415 1836 475 Memoriae
1860 417 2112 479 incurrit
2130 440 2421 483 verecun-

185 522 188 523 ⁷
269 468 366 583 {Q
410 490 571 550 diam
591 533 606 555 ,
636 489 735 561 seu
760 493 1005 552 Virtutem
1038 492 1264 560 videas,
1284 494 1382 556 seu
1400 496 1645 560 aestimes
1675 501 1948 576 Honorem,
1970 519 2148 586 atque
2167 505 2237 564 ab
2257 524 2422 566 utro-

178 582 197 588 ‘
228 568 373 604 '⁷³³
406 596 525 659 que
542 575 1568 666 surgentem,transcendentemque
1585 586 2160 649 omnia‚confideres
2178 590 2422 674 §lom-m.

84 663 320 725 Norma
349 662 622 723 militaris
643 665 905 728 Virtutis
924 712 939 737 ,
966 666 1036 727 &
1055 662 1238 726 decus
1256 666 1482 727 bellicae
1513 669 1733 745 laudis,
1767 672 1988 754 quibus
2022 672 2249 735 causam
2284 699 2424 760 prae-

84 749 219 808 buit
234 746 414 806 Fides
433 768 497 807 ac
516 749 708 809 Pietas
728 798 746 823 ,
765 747 988 809 fortem
1006 752 1426 837 invictumque
1442 751 1640 814 fecere
1658 804 1676 830 ‚
1697 772 1877 839 atque
1895 757 2045 819 ultra
2063 761 2423 823 Gothorum

83 853 333 919 quoque
352 831 594 893 Orbem
624 834 792 892 Famae
824 834 1199 898 celebravere
1216 841 1527 921 praeconia.
1576 840 1973 903 Tantundem
1990 851 2274 927 potentiae
2294 849 2424 907 Ma-

83 923 220 1004 gnis
252 919 529 980 Ducibus
571 920 730 977 Fama
761 919 874 984 est,
918 923 1037 1005 qua
1058 921 1302 988 Urbem
1336 927 1498 1007 cepit
1543 926 1735 1008 Caesszr‚
1774 924 1881 987 hac
1916 928 2160 991 Orbem
2177 932 2423 994 domuit

83 1004 417 1067 eAlextmder.
465 1006 596 1066 Suis
613 1003 736 1088 ipse
753 1003 921 1066 fastis
940 1004 1013 1066 ad
1044 1008 1363 1069 Volucrem
1390 1009 1692 1073 ferebatur
1737 1013 1941 1071 Famam
1959 1014 2389 1100 Kbnzgsalzmrclams
2404 1043 2425 1077 .·

83 1093 314 1178 quippe
335 1090 625 1151 omnibus
654 1087 958 1151 fortissimi
988 1112 1051 1150 ac
1079 1090 1401 1156 felicissimi
1433 1095 1626 1156 Ducis
1644 1096 1896 1160 dotibus
1915 1099 2144 1176 cultus,
2179 1103 2425 1164 admira-

83 1183 325 1240 tionem
355 1175 443 1236 sui
460 1176 701 1249 meruit,
722 1172 1071 1260 habuitque.
1118 1176 1334 1240 Credo
1371 1184 1486 1256 jam
1504 1181 1816 1243 coloribus
1837 1225 1853 1249 2
1891 1187 1958 1247 &
1979 1186 2242 1252 umbris,
2277 1211 2426 1273 quas

85 1263 307 1346 chelles
353 1261 644 1345 penicillo
674 1259 937 1321 induxit·
986 1261 1214 1323 Melius
1249 1284 1377 1324 non
1410 1269 1615 1349 potuit
1645 1268 1828 1351 quam
1859 1270 1925 1328 in
1968 1273 2020 1332 E
2043 1271 2194 1354 (λυ
2214 1276 2244 1334 Ι
2263 1277 2320 1335 T
2341 1276 2370 1334 Ι
2392 1277 2428 1334 S

87 1352 160 1413 &
193 1351 243 1409 E
267 1346 419 1427 QU
436 1349 466 1406 I
510 1345 690 1406 celeri
708 1348 881 1408 cursu
897 1349 1050 1407 tanti
1068 1346 1295 1410 Herois
1314 1353 1496 1413 vivax
1515 1356 1776 1436 exprimi
1796 1356 2025 1418 animus
2034 1380 2046 1419 3
2065 1358 2251 1422 robur
2269 1362 2431 1424 Cor-

87 1436 276 1521 poris,
294 1430 656 1514 magnitudo
675 1435 894 1494 mentis
911 1483 930 1508 ‚
964 1431 1230 1495 celeritas
1247 1434 1389 1496 fasti
1408 1438 1477 1499 &
1496 1436 1733 1500 consilii
1747 1482 1765 1506 ,
1804 1441 1875 1503 ὅτ,
1893 1443 2192 1529 quicquid

396 1518 624 1600 Qomen
648 1520 699 1575 in
728 1535 954 1576 aeternum
975 1523 1141 1600 paucis
1170 1524 1459 1604 mens-zgnea
1474 1520 1629 1581 donat.

105 1604 296 1670 Hunc
315 1605 380 1663 in
395 1604 611 1666 Hero'e
654 1604 700 1663 P
720 1601 796 1667 U
812 1606 870 1665 G
887 1603 918 1663 I
934 1604 989 1663 L
1008 1605 1059 1664 E
1079 1602 1174 1668 M,
1193 1606 1300 1689 qui
1330 1605 1481 1665 tendit
1497 1611 1546 1666 in
1561 1609 1727 1667 ultima
1743 1608 2004 1687 amandi,
2033 1613 2298 1677 FAMA
2330 1637 2431 1676 ex..

85 1690 288 1754 tendit
303 1730 322 1752 2
351 1685 621 1771 fecitque
639 1683 1192 1752 commendabilem
1208 1731 1225 1755 2
1249 1692 1314 1751 in
1334 1689 1511 1753 Orbe
1530 1743 1548 1768 ,
1569 1696 1639 1757 &
1672 1712 1838 1757 extra
1857 1697 2099 1759 Orbem
2122 1724 2135 1763 3
2154 1704 2295 1785 quia
2315 1723 2433 1761 ma-

87 1778 273 1839 ximis
286 1777 585 1842 Victoriis
616 1772 901 1859 superstes
917 1772 1054 1837 fuit.
1098 1776 1333 1838 Dicent
1362 1778 1600 1846 Ηενοὲηα,
1629 1780 1960 1865 loquentur
1987 1786 2224 1868 Pugilem
2242 1836 2260 1860 ,
2281 1787 2434 1847 cele-

87 1862 355 1924 brabunt
384 1878 569 1924 Fortem
584 1906 602 1935 ,
621 1858 815 1922 statuae
830 1860 1117 1946 spirantes
1135 1911 1153 1937 ,
1170 1866 1466 1949 praeconia
1483 1869 1697 1929 tacita:
1743 1866 1875 1929 imo
1907 1867 2294 1933 Posterorum
2312 1893 2436 1934 me-

87 1951 330 2013 moriae>
363 1950 504 2012 viva
520 1965 941 2009 monumenta.
988 1949 1345 2033 effimxagoras
1374 1951 1600 2013 multos
1619 1953 1944 2018 somniavit
1963 1956 2203 2021 Orbess
2251 1960 2435 2023 Wa-

90 2035 197 2095 cedo
227 2035 424 2119 plures
441 2033 622 2095 orbes
640 2035 704 2093 in
723 2035 876 2096 orbe
905 2055 1031 2097 uno
1047 2036 1335 2121 quaesivit.
1380 2039 1493 2099 Ille
1522 2037 1821 2104 dormivit
1839 2090 1857 2116 ‚
1886 2039 1989 2102 iste
2008 2043 2306 2125 vigilavit.
2353 2043 2433 2105 11-

92 2121 221 2182 lum
239 2123 455 2207 opinio
473 2169 490 2194 ,
508 2137 575 2181 ut
592 2116 1064 2206 Philosophum3
1096 2122 1258 2184 hunc
1279 2124 1533 2185 ambitio
1552 2175 1570 2200 ,
1604 2144 1671 2186 ut
1690 2129 1949 2208 Regem,
1969 2125 2206 2190 seduxit
2229 2132 2297 2192 &
2318 2132 2438 2212 agi-

94 2209 266 2269 tavit.
313 2207 468 2268 Non
485 2205 594 2267 fibi
613 2204 841 2268 constat
859 2207 1202 2291 Cupiditas.
1248 2211 1542 2272 Ambitio
1563 2213 1632 2275 &
1652 2215 1868 2297 opinio
1886 2254 1901 2278 2
1928 2212 2140 2275 fimilia
2154 2211 2291 2277 sunt
2319 2218 2441 2277 avi-

96 2291 293 2372 ditate*
313 2295 462 2355 vitia
481 2342 496 2367 ,
529 2288 819 2353 felicitate
835 2291 1147 2356 dissimilia.
1196 2294 1600 2358 Perniciosius
1629 2299 1776 2382 saepe
1807 2302 2017 2382 quaerit
2047 2300 2336 2385 superbus
2348 2303 2441 2383 sa-

98 2401 219 2438 mam
239 2427 256 2452 ‚
300 2399 482 2462 quam
498 2399 627 2438 non
645 2395 810 2437 curat
828 2381 1099 2460 ignavus.
1143 2381 1315 2440 Felix
1334 2380 1591 2465 Cupido
1608 2384 1799 2442 Famae
1821 2382 1921 2458 est,
1941 2406 2120 2469 quam
2138 2389 2316 2471 pauci
2331 2389 2443 2446 im-

99 2465 364 2549 probant
382 2512 398 2536 ‚
430 2466 742 2547 pauciores
761 2463 896 2524 sunt
912 2504 929 2528 ‚
958 2466 1065 2547 qui
1082 2464 1364 2548 probant·
1411 2468 1580 2527 Inter
1598 2466 1977 2551 pauciffimos
1999 2520 2015 2544 ‚
2037 2492 2166 2531 non
2189 2472 2310 2532 tam
2344 2494 2445 2532 cu-

78 2548 280 2634 pidus
327 2545 754 2630 K'o'mgsmarchim
786 2549 957 2606 Parme
998 2547 1115 2609 fuit
1140 2599 1158 2625 ‚
1205 2550 1390 2634 quam
1420 2573 1602 2634 capax
1626 2577 1638 2611 :
1672 2554 1901 2638 quippe
1935 2555 2030 2616 illa
2048 2578 2174 2617 non
2206 2574 2445 2640 poterat

102 2655 235 2696 non
249 2631 418 2717 sequi
437 2634 664 2694 Herois
678 2633 948 2696 Gloriam
967 2658 980 2698 3
1013 2637 1143 2696 imo
1160 2634 1372 2696 debuit
1393 2637 1689 2712 ancillari,
1719 2643 1859 2722 quia
1877 2641 2099 2704 Gloriae
2133 2642 2341 2702 ancilla
2375 2645 2446 2706 &

106 2718 464 2806 pediffequa.
514 2718 901 2803 Qamquam
919 2769 935 2793 ‚
966 2719 1009 2781 fi
1027 2722 1279 2781 memini
1298 2771 1315 2796 ‚
1334 2723 1599 2782 maxime
1619 2724 1683 2782 in
1700 2725 2062 2808 Magnatum
2079 2725 2315 2803 officiO,
2336 2730 2447 2790 im-

109 2806 298 2892 proba
317 2826 380 2864 ac
399 2803 586 2865 infida
606 2829 618 2867 3
652 2822 719 2865 ut
738 2806 880 2865 hinc
896 2805 1145 2867 Nomen
1162 2806 1522 2884 obtinuerit,
1541 2828 1682 2868 cum
1700 2807 1791 2874 fit>

422 2891 582 2948 Fama
601 2939 614 2960 ,
644 2890 814 2948 malum
850 2893 1047 2972 ingens,
1079 2914 1164 2974 quo
1192 2913 1279 2952 non
1305 2894 1504 2953 velocius’
1533 2892 1732 2954 ullum·
2376 2960 2381 2963 ,

155 2977 401 3041 Vitium
418 2975 516 3036 illa
533 2974 704 3036 suum
724 3024 742 3050 ‚
759 2974 803 3035 fi
821 2975 992 3059 quod
1010 2974 1240 3052 habuit,
1254 2977 1575 3040 liberaliter
1607 2983 1875 3043 correxit
1894 3005 1908 3044 3
1925 2981 2073 3045 dum
2101 2985 2341 3068 copiam
2358 2981 2448 3046 sui

120 3061 277 3137 Cornu
294 3102 309 3127 ‚
330 3059 730 3124 abundantius
749 3060 880 3147 post
898 3059 1014 3123 fata
1032 3063 1257 3125 Herois
1275 3064 1456 3125 nostri
1477 3063 1719 3141 effudit,
1740 3084 1807 3128 ut
1829 3068 2275 3153 Kb'nigsmarchium
2291 3070 2451 3133 ultra

122 3147 272 3208 fines
295 3147 420 3206 Soli
440 3149 508 3210 &
528 3148 703 3208 Coeli
726 3147 1028 3209 attolleret
1047 3173 1060 3213 5
1082 3147 1477 3237 redderetque
1496 3172 1710 3212 verum
1727 3194 1746 3219 2
1779 3152 2022 3237 Postfhm
2042 3159 2180 3214 venit
2186 3155 2366 3238 gloria.

206 3229 564 3316 Aptiffimus
597 3232 760 3296 istius
807 3235 995 3319 §loriae
1048 3254 1349 3320 apparatus
1366 3287 1382 3311 ‚
1403 3236 1740 3322 prazcedens
1774 3239 2127 3302 modestiam
2145 3289 2163 3315 ,
2181 3240 2450 3302 maxime

124 3318 339 3377 famam
370 3322 655 3380 merentis
673 3369 689 3394 ,
720 3319 946 3382 merito
978 3323 1305 3383 inculcatur
1352 3326 1395 3383 P
1416 3323 1479 3382 O
1504 3325 1539 3384 S
1559 3325 1616 3385 T
1637 3327 1689 3385 E
1708 3326 1764 3384 R
1784 3328 1812 3385 I
1833 3328 1867 3386 S
1888 3367 1903 3390 2
1938 3344 2036 3396 ut,
2055 3324 2454 3409 quemadmo-

129 3402 276 3464 dum
308 3405 512 3485 Regio
531 3406 805 3467 Nomine
823 3454 839 3479 ,
860 3410 937 3467 ita
958 3410 1173 3490 Regiis
1189 3409 1378 3470 Paetis
1403 3411 1801 3492 arrogantiam
1833 3429 2185 3477 caeterorum
2201 3415 2453 3483 Virtute

129 3487 494 3576 supergreffi,
515 3494 761 3552 extensa
778 3487 943 3552 famae
960 3513 1123 3554 extra
1140 3495 1381 3555 Orbem
1396 3495 1628 3561 Gloria,

577 3577 979 3627 TENDANT
1015 3581 1116 3628 ET
1149 3580 1232 3626 IN
1271 3581 1588 3628 ULTIMA
1631 3580 1924 3635 MUNDI.

1521 3650 1569 3714 Β
2205 3646 2455 3716 GNO-
