2628 4190
1234 154 1307 257 (Ι
1329 151 1415 254 6)

97 291 329 396 elegit
348 284 692 397 gradum,
714 280 917 392 q'uafi
936 278 1362 387 multijugis
1381 276 1790 356 militarem
1817 274 2154 355 scientiae
2172 277 2432 386 cogni-

98 403 397 480 tionem
424 425 637 479 nunc
655 392 985 504 primum
1002 394 1042 471 a
1060 387 1591 469 fundamentis
1611 384 1995 466 addiscere
2018 385 2289 474 vellet,
2304 406 2435 466 aut

101 511 298 591 illius
332 507 549 588 usum
568 508 727 613 jam
759 501 1063 583 tantum
1097 500 1542 579 adverteret
1561 557 1580 589 ‚
1597 516 1729 577 aut
1747 494 2088 604 denique
2107 498 2439 603 gustum,

101 620 372 701 curfim
392 618 569 698 alibi
591 644 677 694 ac
698 614 1021 696 velutin
1042 608 1359 691 tranfitu
1379 670 1399 700 ,
1416 608 1667 691 levius
1700 635 1865 686 non
1889 607 2111 688 altius
2131 607 2442 689 delibas-

104 736 229 813 set.
269 733 434 838 Jam
461 727 623 807 talis
657 745 818 805 erat
836 783 854 814 ‚
878 725 1058 806 cum
1092 722 1423 832 primum
1456 719 1732 802 Militis
1749 715 2106 801 indueret
2124 747 2446 805 nomen,

106 864 194 922 ut
230 870 393 922 non
430 838 736 919 tantum
767 838 973 917 inter
1005 834 1320 917 viliores
1350 835 1863 942 gregariorum
1905 829 2242 910 militum
2277 831 2447 910 fun-

106 955 403 1034 &iones
421 948 669 1031 excell
681 952 896 1035 uerit,
911 945 1192 1028 Verum
1208 947 1432 1024 etiam
1454 947 1595 1054 maj
1606 970 1831 1023 orum
1850 940 2323 1049 superaverit
2341 940 2437 1019 of
2435 995 2449 1004 „

108 1064 316 1165 ficia3
352 1084 441 1141 ut
477 1064 707 1172 quam
742 1055 1218 1166 pauciffimos
1257 1054 1589 1165 aequales
1606 1053 1925 1134 haberet
1944 1110 1963 1139 ,
1982 1051 2453 1164 superiorem

110 1178 505 1256 neminem
528 1231 547 1260 ,
571 1167 706 1250 nifi
726 1196 966 1279 quem
996 1172 1192 1246 livor
1226 1176 1322 1257 ἐφ’
1360 1169 1662 1247 Invidia
1698 1161 2186 1272 excepissent.
2250 1164 2456 1244 Mox

110 1289 548 1370 ‘Decririonis
569 1340 591 1374 ,
622 1282 881 1391 postea
902 1279 1133 1357 etiam
1175 1278 1525 1384 Signiferi
1560 1305 1855 1356 nomen
1878 1273 2387 1364 affecutus‚re
2407 1277 2456 1354 i-

113 1399 236 1507 psa
256 1393 621 1482 ostendit,
639 1410 1024 1501 quantum
1045 1392 1341 1471 virtute
1359 1391 1742 1469 meruerit.
1785 1391 1984 1496 Qo
2008 1391 2090 1468 in
2110 1417 2459 1475 munere,

117 1529 205 1587 ut
226 1509 474 1589 varius
491 1504 883 1585 bellorum
901 1499 1072 1580 usus
1088 1499 1222 1589 est,
1226 1529 1257 1608 J
1266 1526 1387 1579 am
1404 1526 1546 1609 per
1562 1498 1812 1608 aspera
1827 1508 1907 1579 &
1927 1502 2329 1609 convexa,j
2339 1529 2459 1580 am

118 1648 254 1729 per
274 1615 501 1697 ardua
518 1623 600 1697 &
618 1612 932 1697 adversa
950 1670 969 1701 ,
989 1606 1373 1690 tendebat
1387 1609 1483 1690 ad
1506 1637 1924 1691 numerum
1944 1612 2281 1692 militaris
2298 1639 2462 1722 per-

119 1729 475 1810 festionis
493 1727 933 1808 absolutum
948 1784 968 1815 ‚
985 1749 1333 1833 eumque
1353 1725 1622 1802 nonin
1641 1724 1811 1802 otio
1828 1749 1915 1801 ac
1939 1723 2270 1804 mollitie
2289 1784 2310 1813 ‚
2335 1721 2466 1802 sed

123 1859 510 1951 perpetuo
543 1838 820 1918 sudore
854 1836 1282 1946 laboreque
1310 1831 1685 1916 assecutus
1705 1892 1726 1924 ‚
1745 1862 1909 1915 non
1934 1834 2071 1917 nifi
2089 1863 2245 1915 rara
2260 1842 2342 1916 &
2361 1837 2469 1913 in-

127 1951 533 2042 solita,raro
553 1948 898 2060 quodam
915 1975 1001 2027 ac
1017 1946 1330 2037 insolito
1347 1945 1715 2058 exemplo
1732 1973 1874 2026 exe
1937 1947 2281 2027 uebatur.
2324 1945 2470 2026 At-

127 2084 393 2143 tentus
425 2060 724 2170 semper
747 2089 834 2140 ac
866 2058 1192 2169 peruigil
1210 2118 1237 2153 ,
1259 2055 1424 2141 five
1455 2061 1635 2168 quia
1667 2055 1860 2167 perfi
1923 2059 2072 2139 iam
2106 2060 2188 2139 in
2208 2057 2471 2137 officio

129 2172 747 2261 ve1·ebatur‚five
765 2193 854 2251 ut
873 2168 1399 2281 pulcherrimo
1416 2171 1754 2255 militaris
1773 2167 2200 2281 disciplinae
2217 2167 2473 2250 austo-

131 2304 485 2366 ramento
502 2282 745 2365 fidem
760 2280 856 2364 ad
878 2284 1018 2392 maj
1028 2310 1157 2361 ora
1177 2281 1553 2390 obligaret
1568 2312 1604 2382 9·
1635 2279 1797 2363 five
1819 2283 1996 2391 quia
2012 2284 2309 2391 regium
2328 2278 2476 2358 esse

134 2427 418 2478 munus
466 2396 970 2477 arbitrabatur
1007 2422 1093 2473 ac
1125 2392 1347 2474 suum
1380 2450 1406 2486 ,
1465 2412 1555 2473 ut
1611 2391 1764 2474 Ko
1781 2416 2196 2467 NlosMARc
2215 2416 2478 2463 HIANAE

138 2512 213 2589 G
233 2534 268 2578 L
284 2534 330 2580 Ο
346 2535 421 2580 Rl
438 2534 493 2579 AE
529 2505 933 2589 Vexillum
952 2509 1183 2586 toties
1206 2507 1284 2584 in
1306 2503 1640 2584 hostium
1662 2504 1893 2585 castra
1913 2503 2116 2585 idem
2136 2504 2293 2614 ipse
2314 2563 2334 2593 ‚
2352 2530 2478 2580 cu-

127 2625 252 2731 jus
271 2619 532 2728 postea
553 2620 646 2698 ab
664 2618 819 2697 aliis
838 2615 1122 2699 vexilla
1136 2614 1961 2722 gererentuninferret,
1983 2614 2481 2723 referretque,

141 2730 766 2842 quotiescunque
799 2729 1284 2836 triumphum
1315 2747 1636 2807 cruenta
1670 2724 1965 2806 occasio
2000 2723 2478 2837 praemififfet.

148 2843 336 2923 Ideo
372 2844 694 2924 sublime
731 2841 1068 2920 militaris
1098 2837 1361 2948 gloriae
1394 2835 1551 2945 sign
1563 2868 1693 2918 um
1733 2837 2153 2918 fortissimis
2188 2837 2485 2917 lacertis

147 2974 280 3034 ext
290 2955 430 3034 ulit
451 3015 471 3045 ‚
491 2976 579 3035 ut
600 2955 833 3063 quam
853 2951 1307 3032 brevissimo
1324 2953 1694 3060 temporis
1716 2947 2129 3030 intervallo
2150 2951 2485 3029 'Tribuni-

151 3073 337 3145 tiam
356 3094 602 3177 quoq3
625 3082 1048 3145 mereretur
1066 3060 1544 3172 potestatem.
1569 3064 1751 3151 Hic,
1771 3089 2005 3139 nemo
2026 3058 2163 3139 illo
2181 3061 2261 3139 in
2282 3057 2487 3139 labo-

153 3178 359 3258 ribus
382 3179 859 3258 constantior
879 3230 898 3261 ‚
920 3178 1000 3254 in
1020 3173 1395 3256 exercitiis
1413 3173 1700 3261 durior,
1716 3171 1993 3252 fortior
2010 3174 2091 3251 in
2116 3168 2489 3278 exemplis

157 3289 461 3371 exstitit.
515 3286 849 3368 Tefferae
868 3285 1208 3366 militaris
1228 3283 1698 3395 dispensator
1717 3342 1736 3373 ,
1764 3283 2215 3365 Castrorum
2235 3283 2490 3369 stator,

159 3397 608 3483 observator
626 3398 1150 3486 excubiarum,
1230 3426 1510 3478 uorum
1532 3393 1821 3503 singula
1838 3422 1978 3506 per
1996 3389 2352 3476 sudorem
2374 3393 2491 3471 ha-

159 3510 324 3587 bita
349 3569 368 3598 ‚
399 3540 535 3619 per
569 3510 913 3590 laborem
949 3508 1175 3618 acqui
1204 3527 1308 3589 1ta
1325 3568 1346 3599 ‚
1379 3537 1542 3589 non
1580 3508 1966 3591 minorem
2014 3511 2087 3589 ei
2134 3505 2453 3613 gloriam
2471 3563 2490 3592 ‚

165 3624 394 3727 quam
427 3619 632 3728 apud
667 3649 879 3730 pares
896 3621 1471 3702 aemulationem
1495 3691 1515 3718 ,
1533 3637 1768 3729 atque
1800 3616 2390 3700 admirationem
2409 3614 2491 3692 in

164 3730 517 3840 Principe
538 3789 557 3819 ,
575 3731 1031 3811 excitabant.
1091 3731 1289 3813 Sane
1309 3791 1334 3822 ‚
1349 3730 1754 3841 quousque
1791 3730 1972 3810 huic
1992 3729 2292 3808 muneri
2311 3752 2493 3834 prae-

2324 3835 2494 3919 fuit.
