2628 4190
1246 196 1283 241 <
1297 196 1338 245 2

122 286 269 367 lius
291 285 654 396 quidem,
694 276 980 364 etiamfi
999 168 1702 390 poffeifi‚)aberrare
1725 277 1968 359 liceat.
2029 278 2440 361 Caeterum-

122 399 318 481 Volo
336 456 359 491 2
396 429 492 480 eX
510 402 662 480 hoc
683 398 850 477 casu
870 425 895 497 3
930 393 1453 473 infortunium
1473 447 1496 483 ,
1521 421 1687 472 non
1705 393 1922 472 aliter
1939 395 2183 501 argui,
2206 422 2440 502 quam

122 513 273 622 ipsa
304 532 428 593 tot
465 510 748 592 casibus
779 509 1186 588 infamatur
1205 506 1547 586 Fortuna.
1626 504 1865 584 Forte
1885 565 1904 594 ‚
1938 535 2076 614 per
2095 505 2439 586 Carolum

126 628 522 729 Casta-vum
546 679 570 714 2
609 624 1040 702 Succorum
1060 675 1084 710 2
1120 620 1554 699 Gottorum
1574 616 2276 728 Vandalorumquc
2295 620 2447 700 Re-

119 766 300 845 gem
317 794 341 829 ,
377 740 546 818 Lex
579 736 705 815 illa
738 734 1138 814 Bellorum
1173 734 1613 812 communis
1639 789 1659 817 ‚
1695 731 2186 811 Polonorum
2209 735 2442 814 etiam

121 852 412 939 Genti,
451 849 807 930 libertate
828 876 1125 956 magnae
1144 902 1167 936 ,
1189 853 1272 924 &
1289 847 1508 924 armis
1526 843 1882 952 inclytae,
1904 864 2123 925 atrox
2140 844 2443 927 bellum

119 962 501 1044 indixerat
516 995 552 1063 ,-
586 989 928 1067 cumque
935 963 1088 1067 jam
1113 966 1194 1037 &
1214 958 1672 1038 Sarmaticos
1693 958 2044 1066 Campos
2064 953 2097 1047 ‚‘
2120 965 2200 1038 ὃς
2221 987 2443 1039 mon-

117 1094 232 1153 tes
252 1071 1090 1185 Carpaticos‚Victoria
1109 1070 1543 1151 Succorum
1562 1069 2123 1167 exceffiffet5ne
2136 1072 2277 1151 hac
2299 1102 2450 1153 una

113 1186 203 1269 K
222 1193 270 1264 ὃ
288 1218 333 1265 N
347 1218 582 1266 1osMA
598 1218 642 1263 R
657 1217 697 1261 c
713 1214 785 1262 m
804 1214 846 1262 u
863 1214 890 1260 s
929 1188 1362 1292 privaretur
1378 1183 1619 1292 gloria
1635 1241 1660 1275 ,
1691 1183 1742 1264 fi
1765 1182 2056 1264 deeffet
2071 1212 2107 1280 9·
2139 1204 2228 1262 ut
2246 1185 2447 1267 ades-

117 1301 231 1381 set
251 1355 274 1389 ,
295 1295 388 1375 ab
409 1293 912 1376 Invictiffimo
936 1299 1297 1402 Principe
1318 1356 1338 1386 ,
1371 1299 1803 1378 vocabatur
1819 1296 1912 1379 ad
1929 1294 2284 1406 palmam.
2320 1303 2449 1381 Pa-

117 1415 271 1494 ruit
294 1411 551 1489 Heros
571 1407 846 1488 noster.
905 1410 1012 1489 Et
1033 1469 1053 1499 ‚
1084 1412 1221 1517 qui
1238 1468 1260 1497 ,
1293 1411 1794 1518 imperatorio
1813 1409 2222 1519 exemplQ
2273 1439 2449 1491 mm-

116 1553 336 1633 quam
371 1525 447 1600 in
461 1522 682 1628 suam
694 1521 993 1624 famam
1013 1523 1227 1631 geste?
1256 1527 1638 1603 exultavit
1656 1582 1677 1612 ‚
1735 1524 2196 1603 adaufforem
2214 1533 2312 1613 Εἴ
2327 1525 2450 1605 du-

116 1669 262 1731 cem
280 1698 300 1727 ,
337 1655 427 1714 ut
444 1633 789 1736 Mmsser
802 1689 827 1724 ,
843 1636 1000 1744 jam
1023 1664 1128 1744 qu
1136 1663 1346 1745 oque
1364 1637 1767 1716 Fortunam
1784 1643 1866 1716 &²
1884 1664 2082 1718 arma
2099 1635 2446 1730 referret,

114 1748 370 1863 prope
386 1768 807 1857 antequam
827 1766 1240 1831 vocaretur
1261 1808 1281 1838 ‚
1298 1754 1676 1859 apparuit,
1698 1747 1751 1828 fi
1769 1748 2161 1830 elementa
2176 1752 2450 1860 paruis-

114 1867 307 1946 1ent.
370 1862 772 1944 Nimirum
794 1921 813 1952 ,
831 1860 962 1941 ista
978 1859 1347 1951 celeritas,
1363 1864 1551 1942 Plus
1569 1867 1794 1952 ultra,
1816 1859 2175 1944 velifican
2185 1867 2279 1944 tis
2299 1890 2448 1943 ma-

117 2008 264 2059 nus
296 1984 378 2058 &
394 1974 734 2056 dexterae
755 2035 776 2066 ‚
835 1993 926 2055 ut
944 1973 1039 2055 ad
1061 1978 1342 2081 majora
1359 1976 1700 2058 militaris
1715 1976 2016 2057 roboris
2034 2003 2122 2056 ac
2139 1974 2448 2058 fortitu-
2510 1996 2512 2001 ’

118 2090 318 2172 dinis
354 2089 758 2171 molimina
774 2147 795 2178 ‚
853 2090 1469 2199 provehendum
1500 2095 1584 2173 in
1631 2091 1895 2174 medio
1933 2089 2323 2174 felicitatis
2362 2099 2448 2172 &

113 2204 378 2314 gloriae
409 2264 431 2294 ‚
488 2203 951 2312 generosum
985 2203 1320 2316 pectoris
1353 2209 1756 2318 navigium
1774 2266 1796 2298 ,
1853 2206 2225 2288 immensa
2256 2204 2448 2286 mili-

116 2317 333 2400 tandi
367 2315 798 2426 cupiditate
827 2318 1024 2400 velis
1045 2320 1426 2430 producta
1443 2323 1827 2432 remisque
1847 2377 1872 2413 2
1908 2323 2063 2402 una
2081 2348 2264 2399 cum
2285 2320 2447 2400 He-

113 2438 249 2512 roe
271 2429 672 2511 fortiffimo
713 2429 819 2535 (fi,
837 2460 1183 2543 unquam
1199 2434 1417 2540 alias)
1454 2436 1667 2516 certe
1685 2437 1829 2514 hac
1849 2430 2254 2515 occafione
2273 2490 2292 2522 ‚
2350 2429 2449 2511 ad

114 2547 730 2629 <AEternasumm
759 2547 1087 2624 Gloriam
1106 2548 1620 2653 provehebat.
1680 2547 2324 2651 Verum‚rumpit‚
2344 2548 2448 2623 in-

113 2661 398 2739 terdum
414 2677 747 2736 moratur
743 2659 1012 2763 propost
1011 2677 1094 2735 m
1111 2660 1473 2738 hominum
1490 2715 1515 2750 2
1551 2662 1635 2738 F
1620 2679 1882 2739 armna
1898 2690 1927 2738 .·
1987 2658 2193 2738 forte
2211 2660 2447 2736 etiam

115 2775 406 2880 agimur
428 2797 691 2849 arcana
709 2768 1043 2879 quadam
1061 2770 1397 2852 fatorum
1414 2772 1586 2881 lege
1601 2830 1621 2862 ,
1642 2798 1904 2882 neque
1922 2771 2032 2852 est
2047 2770 2347 2878 semper
2364 2771 2448 2850 in

115 2885 381 2966 Nobis
411 2880 637 2962 situm
658 2940 683 2974 2
745 2913 833 2963 ea
865 2883 1186 2992 eligere,
1242 2915 1329 2965 ac
1346 2886 1597 2995 sequi,
1657 2914 1835 2998 quae
1863 2885 2055 2963 ratio
2073 2881 2445 2990 suggerit,

116 3018 488 3106 tanquam
506 2999 828 3105 potiora.
885 2996 1308 3077 Ferebatur
1326 3058 1346 3087 ‚
1377 2999 1575 3081 velis
1593 3057 1613 3089 ,
1645 3001 1981 3105 Magnus
1999 2993 2294 3074 militiae
2313 2991 2450 3074 du-

116 3110 288 3190 ctor
306 3171 325 3200 ‚
346 3138 510 3189 non
531 3139 712 3188 cum
733 3109 981 3189 milite
1001 3109 1131 3189 sed
1149 3109 1580 3220 proditore,
1605 3138 1743 3221 per
1759 3111 2016 3188 lacum
2033 3106 2446 3198 Balticum2

120 3244 208 3302 ut
242 3221 816 3331 compendium
851 3225 1143 3303 itineris
1167 3243 1678 3332 praeverteret
1694 3222 1979 3332 agilitas
1999 3241 2447 3303 Ventorum.

118 3335 275 3415 Sed
306 3337 499 3415 irato
533 3336 934 3445 Neptuno
952 3392 976 3425 2
1039 3364 1277 3444 quem
1313 3365 1712 3446 nunquam
1735 3336 2170 3445 placaverat
2188 3393 2208 3423 ‚
2266 3335 2349 3411 in
2368 3330 2447 3411 fi-

118 3475 312 3527 num
335 3447 714 3538 hostilem,
736 3476 974 3556 quem
995 3450 1265 3528 fodere
1285 3452 1574 3540 mallet9
1596 3478 1830 3558 quam
1847 3447 2130 3528 sulcare
2151 3445 2448 3527 delatus

120 3560 230 3638 est
253 3617 271 3646 ‚
309 3580 396 3638 ut
414 3617 434 3646 ‚
496 3564 628 3642 ubi
667 3590 1007 3670 pugnare
1025 3617 1049 3650 2
1110 3570 1192 3640 ὃς
1210 3564 1527 3670 praeliari
1546 3591 1713 3641 non
1734 3561 1980 3671 poffet
2000 3621 2018 3650 ‚
2050 3556 2145 3638 ad
2164 3562 2450 3640 inertes

121 3670 487 3752 anchoras
507 3729 531 3762 2
556 3677 772 3754 otiari
794 3695 1223 3782 cogeretur.
1286 3674 1514 3785 Qid
1534 3705 1681 3784 ego
1704 3677 1832 3754 hic
1850 3730 1874 3766 2
1909 3676 2302 3752 Homines
2322 3671 2449 3751 de-
2515 3672 2518 3674 ’

120 3785 405 3868 tester?
463 3814 557 3864 an
592 3788 994 3896 increpem
1029 3794 1370 3871 Ventos?
1430 3788 1654 3897 Qid
1687 3789 1901 3869 enim
1925 3786 2450 3892 importunius

2183 3913 2452 4005 potult
