2628 4190
1210 123 1306 199 27

99 201 313 288 rabat
325 228 354 311 3
389 233 569 307 nam
585 200 694 285 ire
712 203 1042 287 volebat
1062 264 1085 296 ,
1101 97 1288 289 cum
1307 96 1494 290 stare
1515 237 1682 292 non
1701 211 1996 321 posset3
2037 244 2205 298 non
2225 206 2441 304 aliter

99 348 337 430 quam
357 322 439 400 in
457 344 803 429 praeceps
823 316 1124 427 dejesta
1140 321 1519 430 pondera,
1535 324 1822 433 quibus
1841 328 2087 407 eundi
2106 328 2283 414 finis
2303 332 2441 427 est,

85 431 415 544 jacuisse.
473 428 616 531 Ne
652 432 809 513 Cn.
846 432 1171 542 quidem
1212 435 1598 544 Pompeio
1634 457 1955 519 externa
1971 443 2080 521 ire
2099 445 2178 523 in
2203 442 2445 538 bella,

98 565 231 627 aut
266 543 693 626 domestica
723 550 1014 636 virtus,
1051 566 1186 627 aut
1205 551 1400 628 ratio
1419 547 1669 630 suafit:
1705 551 1837 631 sed
1857 554 2160 635 insanus
2182 587 2446 639 amore

94 658 657 767 magnitudinis
680 657 878 740 falsae
897 718 918 748 ‚
976 659 1226 741 modo
1252 664 1333 743 in
1353 663 1814 771 Hesperiam
1835 723 1857 754 ‚
1900 676 1985 747 ὃς
2009 667 2450 755 Sertoriana

92 799 338 863 arma,
374 770 628 852 modo
665 772 764 853 ad
800 771 1210 882 cogendos
1234 773 1513 856 Piratas
1531 805 1621 856 ac
1640 779 1870 857 maria
1885 781 2231 888 pacanda
2250 844 2271 874 ,
2312 785 2449 866 du—

93 884 438 966 cebatur.
497 885 655 965 Hae
687 885 1324 994 praetexebantur
1342 889 1617 970 Causae
1635 946 1659 982 2
1698 888 1796 971 ad
1824 896 2450 980 continuandam

92 1002 556 1110 potentiam.
619 995 849 1104 Qid
868 999 1094 1080 illum
1113 1003 1197 1080 in
1215 1001 1594 1091 Africam,
1613 1005 1810 1111 quid
1831 1007 1914 1085 in
1932 1006 2449 1117 SeptemtriQ

91 1140 281 1192 nem
303 1171 324 1203 ,
359 1110 556 1221 quid
590 1112 675 1191 in
700 1110 1252 1193 Mithridatem
1271 1119 1353 1193 δε
1372 1113 1836 1197 Armeniam
1851 1177 1876 1208 ,
1907 1137 2147 1230 atque
2170 1145 2451 1204 omnes

89 1222 298 1307 Asiae
332 1224 660 1334 angulos
699 1226 983 1305 traxit?
1013 1223 1323 1306 infinita
1356 1226 1656 1308 scilicet
1687 1230 1987 1340 cupido
2009 1234 2411 1317 crescendi
2430 1284 2454 1328 ς,

89 1366 276 1420 cum
297 1335 434 1418 fibi
453 1339 592 1419 uni
611 1365 883 1448 parurn
904 1365 1227 1446 magnus
1245 1338 1670 1422 videretur.
1692 1340 1922 1439 Quid
1942 1346 2041 1427 C.
2063 1347 2455 1431 Caesarem

88 1454 174 1532 in
190 1451 316 1532 sua
337 1449 489 1532 fata
504 1453 792 1562 pariter
806 1479 894 1531 ac
912 1451 1232 1562 publica
1248 1451 1565 1534 immisit
1585 1458 1616 1534 ?
1653 1456 1925 1538 Gloria
1942 1517 1965 1548 ,
1986 1466 2071 1539 δε
2088 1461 2416 1542 ambitio
2430 1512 2455 1553 ,

86 1574 174 1646 δε
210 1562 477 1645 nullus
511 1564 732 1674 supra
764 1585 1094 1645 caeteros
1111 1565 1520 1648 eminendi
1541 1566 1847 1650 modus,
1907 1569 2140 1681 Quid
2163 1573 2456 1658 Caium

88 1679 436 1762 Marium
455 1737 476 1767 ,
512 1676 750 1760 semel
787 1676 1285 1760 Consulem?
1325 1682 1632 1786 (unum
1669 1684 1886 1766 enim
1916 1684 2455 1770 Consulatum

88 1794 397 1902 accepit
415 1849 437 1880 ‚
473 1811 800 1871 caeteros
834 1793 1141 1900 rapuit)
1182 1821 1369 1873 cum
1404 1792 1829 1877 Teutones
1865 1797 2398 1911 Cimbrosque
2422 1805 2457 1882 ’ἓ

85 1904 559 1986 concideret
576 1964 597 1994 ,
619 1933 803 1986 cum
819 1904 1289 2015 Jugurtham
1310 1934 1455 2016 per
1472 1905 1770 1992 Africae
1788 1910 2085 1991 deserta
2102 1911 2453 2022 sequere-³

88 2037 219 2099 tur
238 2023 269 2100 Ρ
328 2016 504 2100 Tot
538 2017 881 2128 pericula
893 2037 1260 2127 putamus
1279 2021 1676 2131 appetiisse
1695 2026 2009 2107 virtutis
2025 2025 2399 2109 instinctu
2422 2030 2456 2108 Ρ

87 2130 456 2214 Minime.
530 2133 829 2214 Marius
860 2134 1297 2215 exercitum
1316 2192 1338 2223 ,
1375 2136 1719 2216 Marium
1740 2137 2085 2219 ducebat
2102 2139 2448 2222 ambitio,-

89 2245 218 2326 Isti
240 2274 427 2328 cum
449 2249 715 2328 omnia
735 2263 1274 2329 concuterent
1291 2307 1314 2338 ,
1352 2250 2021 2332 concutiebantur
2036 2254 2451 2335 turbinum

89 2386 313 2440 more
331 2420 353 2450 ‚
388 2363 528 2469 qui
544 2378 759 2470 rapta
776 2359 1324 2449 convolvunt,
1345 2360 1478 2440 sed
1496 2360 1633 2470 ipfi
1654 2383 1837 2445 ante
1856 2365 2309 2447 Volvuntur
2324 2427 2344 2457 ,
2368 2376 2455 2448 δε

89 2471 202 2551 ob
223 2473 395 2552 haec
414 2477 555 2583 maj
566 2474 680 2551 ori
698 2474 1006 2581 impetu
1027 2473 1470 2564 incurrunt,
1484 2476 1663 2584 quia
1683 2477 1996 2559 nullum
2014 2478 2161 2559 illis
2183 2480 2226 2560 s
2215 2482 2291 2560 ui
2310 2482 2454 2561 sse-2

91 2613 288 2666 num
312 2583 439 2664 est.
497 2583 858 2695 Ideoque
894 2613 1080 2666 cum
1112 2585 1380 2665 multis
1402 2584 1727 2670 fuerunt
1744 2591 1924 2673 mali
1951 2653 1972 2682 ,
2012 2592 2453 2704 pestiferam

90 2696 308 2778 illam
325 2699 495 2782 vim
518 2757 539 2788 ‚
574 2701 729 2809 qua
746 2698 1132 2810 plerisque
1156 2719 1611 2781 nocuerunt
1625 2731 1652 2804 3
1688 2703 1826 2812 ipfi
1860 2733 2189 2815 quoque
2209 2708 2451 2789 sense-³

92 2830 299 2893 runt.
425 2812 906 2920 JoANNEs
1016 2816 1920 2897 CHRISToPHoRUS
2016 2818 2452 2901 Kome&

95 2951 163 3004 M
181 2953 236 3004 A
255 2954 313 3008 R
337 2953 384 3004 c
406 2954 465 3006 Η
487 2953 516 3005 1
534 2952 594 3005 U
613 2954 647 3005 s
706 2921 865 3005 fine
899 2925 1333 3034 cupiditate
1364 2928 1514 3011 fuit
1532 2986 1554 3017 ‚
1615 2930 1877 3011 nullus
1904 2961 2124 3012 amor
2140 2932 2407 3042 gloriae
2427 2987 2450 3027 ,5

97 3035 317 3117 nulla
335 3038 501 3148 spes
521 3037 720 3119 lucri
738 3040 936 3121 Vicit
956 3038 1349 3122 invictum
1372 3044 1746 3125 Heroem.
1764 3046 1970 3126 Non
1992 3046 2256 3128 voluit
2277 3047 2452 3130 alie-2¹

99 3178 204 3231 na
237 3148 616 3232 felicitate
636 3151 825 3233 felix
845 3151 991 3234 esse
1011 3212 1032 3243 ,
1068 3172 1203 3233 aut
1222 3153 1439 3237 fortis
1459 3157 1734 3240 videri.
1795 3162 2015 3242 Cum
2036 3163 2403 3243 vinceret
2422 3220 2449 3255 9

99 3261 456 3372 prodesse
477 3265 717 3373 gloria
736 3266 925 3348 fuit·
980 3267 1182 3349 Non
1210 3273 1421 3351 enim
1443 3274 1580 3381 qui
1599 3272 1819 3354 fortis
1840 3274 1950 3354 est
1966 3333 1987 3363 ,
2026 3277 2275 3356 vitam
2300 3305 2449 3385 pro

100 3376 336 3459 laude
355 3437 376 3468 ,
436 3397 570 3458 aut
589 3380 716 3489 spe
738 3379 964 3461 famae
988 3383 1394 3492 paciscitur
1412 3445 1431 3474 ,
1462 3384 1593 3467 sed
1609 3414 1754 3495 pro
1773 3386 2182 3468 honestate
2205 3395 2288 3468 δε
2310 3419 2449 3498 ρυε-

100 3488 308 3571 blica
333 3519 460 3593 re3
498 3495 625 3572 cui
655 3523 824 3574 non
854 3495 1057 3586 laus,
1088 3525 1254 3578 non
1281 3498 1672 3580 famasatis
1701 3560 1721 3590 ,
1781 3500 1913 3580 sed
1935 3502 2447 3586 Conscientia

103 3602 233 3684 est.
293 3604 502 3684 Sunt
526 3623 839 3698 tamen,
873 3635 1078 3718 quos
1109 3613 1346 3693 etiam
1376 3612 1530 3721 ipsa
1547 3615 1898 3724 ignavia,
1936 3614 2157 3726 supra
2178 3618 2447 3694 trium-¹

102 3717 359 3829 phum
376 3716 749 3805 delectat:
788 3722 972 3807 sunt
989 3782 1010 3816 ,
1040 3723 1243 3840 quos
1265 3725 1446 3836 ipsae
1465 3727 1815 3811 tenebrae
1832 3730 1872 3809 a
1889 3734 2033 3842 maj
2044 3731 2157 3811 ori
2176 3728 2447 3809 obscua

1344 3841 1422 3929 G
1488 3862 1534 3920 2
2217 3844 2452 3922 ritate-
