2628 4190
124 198 369 286 ferro,
425 200 605 304 igne
623 248 644 284 ,
701 195 1069 275 machinis
1087 252 1108 283 ,
1156 87 1288 275 se(d
1309 81 1528 306 qiiod
1547 186 1662 277 his
1677 188 2173 305 perniciosius
2191 260 2212 289 ,
2259 222 2417 284 arte
2436 251 2458 295 3

127 308 357 400 dolo,
414 308 974 414 stratagemate,
1014 307 1386 414 (quibus,
1422 307 1735 417 Magni,
1769 337 2039 418 magna
2067 313 2458 418 perfecere

123 419 464 530 Regesz)
526 416 681 501 Κὸ
706 445 1014 500 NIGsM
1036 436 1480 499 ARCHIUS
1515 415 1964 527 aggreditur.
2035 424 2112 500 O
2137 425 2459 504 noctem.

122 532 279 613 sole
297 529 729 610 clariorem!
766 529 814 608 ὢ
836 531 1189 611 tenebras
1207 531 1382 611 luce
1399 530 1954 640 splendidiores
1982 536 1998 614 Ξ
2022 534 2209 644 quid
2230 538 2307 613 in
2333 535 2460 614 die

120 640 455 724 facturus
489 661 647 722 erat
665 701 687 731 ,
721 645 856 751 qui
875 668 976 722 ne
995 640 1085 721 N
1090 641 1249 722 oeti
1268 642 1589 752 quidem
1610 645 2094 733 remittebat,-
2129 644 2419 724 scilicet
2439 694 2461 735 ,

121 770 212 833 ut
262 771 644 863 pugnaret
693 753 992 837 suavius
1026 812 1046 843 ,
1106 780 1338 864 quam
1388 751 1783 832 dormiret.
1879 756 2127 836 Certe
2177 753 2460 835 dormi-

120 867 245 946 vit
281 863 653 944 Coloredm
687 865 952 971 Regiae
990 865 1278 945 Custos
1299 864 1581 951 Urbis,
1640 863 2017 971 &stator3
2076 865 2460 947 dormivit

122 1005 306 1056 cum
325 976 900 1064 Gubernatore,
919 972 1402 1084 ducibusque
1423 974 1684 1062 Miles,
1704 1002 1887 1055 cum
1911 979 1960 1085 J
1981 1009 2032 1059 o
2050 1004 2110 1058 H
2133 1006 2185 1057 A
2206 1004 2254 1056 N
2281 995 2340 1058 N
2360 994 2407 1059 E
2426 1000 2461 1058 s

115 1087 1010 1171 ‘CHRISTOPHORUS
1045 1085 1971 1183 KoNIGsMARcfflUs,
2019 1091 2461 1176 hoc,etiam

120 1199 261 1280 illo
291 1201 656 1282 Romano
691 1198 988 1281 Caesare
1021 1198 1399 1307 superior,
1439 1197 1639 1278 vicit
1655 1216 2069 1309 antequam
2091 1219 2222 1279 aut
2245 1204 2463 1282 veni-³

119 1331 242 1392 ret
259 1311 354 1393 ad
371 1340 655 1422 pugnae
673 1310 939 1394 locum
963 1362 983 1402 ,
1009 1329 1141 1390 aut
1161 1307 1472 1395 videret
1489 1335 1617 1388 ora
1634 1316 2158 1419 pugnantium
2187 1371 2206 1401 ,
2224 1331 2463 1423 atque

117 1420 396 1504 Urbem
427 1432 510 1505 &
544 1425 892 1532 Regiam,
929 1452 1094 1504 non
1115 1442 1594 1535 pugnaturus
1611 1471 1636 1512 ,
1676 1418 1810 1500 sed
1828 1423 2033 1532 quafi
2051 1427 2465 1532 triumpha-

122 1555 346 1618 turus
363 1538 703 1619 intravit.
727 1538 931 1617 Mox
949 1555 1037 1615 ut
1055 1538 1335 1624 omnia,
1352 1558 1616 1638 rum-01⁴
1632 1541 1799 1613 non'
1819 1551 1977 1612 tam
1997 1534 2210 1624 belli,
2229 1562 2463 1642 quam

117 1650 340 1758 Regii
364 1652 670 1729 nominis
700 1647 1051 1758 pervafit.
1126 1647 1530 1728 Hannibal
1534 1663 1708 1753 ante
1707 1661 1964 1752 portas
1989 1674 2023 1745 ‚⁶
2078 1647 2164 1729 K
2182 1653 2231 1724 ὃ
2250 1663 2466 1724 mos.

117 1787 237 1841 MA
254 1794 356 1841 Rc
370 1790 538 1842 mus
560 1820 581 1851 ,
599 1762 797 1841 intra
814 1788 1075 1840 muros
1090 1767 1171 1842 &
1194 1759 1522 1842 Urbem.
1555 1755 1950 1848 Coloredm,
1966 1761 2466 1869 improvisam

122 1875 394 1955 nuncii
430 1875 636 1963 vim,
682 1870 887 1953 forte
926 1867 1182 1952 adhuc
1214 1867 1798 1965 somnolentus,
1832 1902 1930 1955 an
1965 1870 2464 1955 vinolentus!

122 1983 449 2097 perinde
470 1985 674 2096 quafi
692 1982 1115 2095 procellam
1134 1985 1534 2064 arbitratus
1551 1985 1915 2074 aestivam,
1933 1997 2244 2093 gravem
2265 1981 2466 2080 sane,

123 2093 254 2180 sed
303 2096 455 2206 ipsa
484 2101 856 2207 gravitate
874 2099 1324 2207 perituram:
1383 2095 1642 2176 Primo
1661 2102 1910 2206 coepit
1927 2091 2467 2176 diffimulando

126 2207 513 2291 declinare
532 2272 553 2303 ,
610 2209 875 2319 postea
907 2210 1140 2288 etiarn
1165 2207 1551 2298 Militum,
1598 2206 1910 2290 tandem
1937 2210 2262 2289 Civium
2279 2234 2470 2315 quo-³

128 2349 283 2429 que
317 2319 555 2404 fretus
587 2320 884 2404 viribus
905 2381 925 2410 ,
961 2340 1476 2403 contemnere
1497 2379 1516 2408 ,
1552 2340 1683 2398 aut
1717 2320 2071 2402 cavillari.
2171 2321 2472 2426 Qama

130 2460 361 2541 quam
370 2435 612 2541 jocari
627 2433 865 2510 Fama
884 2426 1171 2511 diutius
1188 2458 1371 2509 cum
1392 2429 1607 2509 somn
1617 2429 2085 2510 olentiffimo
2103 2490 2123 2520 ,
2158 2430 2472 2538 suaeque

125 2540 716 2624 consuetudinis
733 2539 1201 2622 tenaciffimo
1220 2540 1485 2634 Duce,
1508 2569 1673 2620 non
1692 2544 1958 2649 potuit
1974 2572 2001 2646 3
2020 2540 2147 2621 sed
2169 2543 2472 2645 ingenti

130 2680 519 2742 armorum
536 2654 886 2735 tumultu
904 2711 925 2743 ,
957 2672 1191 2763 atque
1216 2650 1593 2730 immenso
1617 2652 2069 2733 bellicarum
2090 2652 2472 2732 machina,

131 2792 305 2845 rum
336 2763 659 2875 strepitu
678 2824 697 2854 ,
722 2766 880 2872 jam
899 2786 1082 2843 cum
1103 2763 1443 2845 Civibus
1465 2761 2009 2872 Militibusque
2033 2823 2054 2852 ,
2089 2759 2472 2871 periculo-

133 2872 583 2958 fisfimorum
616 2893 1055 2957 eventuum
1088 2873 1562 2982 cogitatione
1579 2870 2070 2982 pendentem
2090 2882 2173 2978 δε
2193 2878 2472 2954 attonis

137 3006 346 3076 tum,
402 2990 653 3070 veluti
687 2989 1128 3096 praenuncia
1159 2983 1694 3065 fulminisluce
1720 2985 2175 3094 perstrinxit,
2250 2983 2472 3081 Vos,

138 3098 192 3181 fi
226 3124 571 3207 unquam
603 3100 979 3179 attonitos
1015 3095 1265 3179 velim
1285 3156 1304 3186 ‚
1363 3114 1451 3173 ut
1482 3123 1578 3175 ex
1610 3099 1863 3206 primo
1891 3096 2332 3177 narrationis
2351 3096 2474 3177 ad·-⁴

139 3214 291 3297 itu,
351 3211 878 3320 conjecturam
918 3211 1167 3290 exitus
1204 3206 1500 3288 faciatis.
1572 3207 2020 3289 Effundunt
2043 3207 2193 3289 sese
2211 3205 2473 3317 pasfim

140 3350 237 3401 ex
289 3322 503 3402 Arce
537 3327 740 3429 regia
775 3380 795 3409 ,
852 3341 979 3402 tot
1010 3321 1339 3401 Ducum
1373 3375 1396 3411 ,
1470 3317 1921 3428 Principum
1959 3379 1979 3408 ,
2039 3337 2165 3399 tot
2203 3324 2473 3403 Comi-

142 3454 311 3514 tum
349 3495 369 3525 ,
441 3434 1021 3541 procerumque
1094 3432 1350 3541 Regni
1424 3433 1766 3538 ingentia
1833 3431 2012 3539 toga
2045 3491 2066 3521 ,
2123 3430 2474 3541 sagoque.

137 3544 498 3626 Nomina
543 3601 568 3638 ,
645 3544 778 3625 sed
855 3543 1163 3654 captiva
1219 3544 1466 3652 capita
1499 3601 1518 3632 ,
1594 3544 1884 3622 incerta
1941 3540 2474 3651 lachrymandi

141 3657 352 3767 prius
413 3686 509 3740 an
557 3656 1011 3767 alloquendi
1061 3654 1319 3737 officio
1386 3655 1914 3763 fungerentur.
2027 3652 2474 3843 Effundpnt

1487 3780 1564 3860 K
2355 3778 2398 3842 e
2429 3785 2475 3843 e
