2628 4190
658 234 785 316 Q
815 231 1043 316 quippe
1074 229 1302 291 veritus
1337 245 1412 286 ne
1443 221 1647 306 sagum
1675 218 2138 306 Triumphantis

658 320 882 380 Herois
915 317 1096 376 etiam
1128 316 1404 398 pingeret
1435 310 1542 370 suo
1567 307 1778 370 vultu,

659 407 738 465 Et
757 404 954 465 vietus
992 399 1253 460 Homini
1287 395 1529 457 cederet
1561 394 1726 453 Deus
1756 391 1960 474 praeda.

659 490 722 548 O
745 486 866 549 sors
887 490 1164 546 cruenta!
1201 484 1381 543 Parca
1408 479 1589 540 dura!
1624 476 1864 539 crudele

654 575 900 634 Fatum!
936 591 1047 631 nec
1080 567 1375 652 expiabile
1407 563 1695 625 Manibus
1727 561 1923 626 coefis.

654 659 1005 719 Tantumne
1035 655 1256 714 meruit
1288 651 1515 732 Inclyti
1559 651 2179 715 KoNIGSMARcHn

651 741 882 803 Illustre
913 761 1102 825 genus
1123 788 1140 814 ,
1159 756 1226 800 ut
1257 737 1534 798 ultimam
1563 731 1981 806 saturlaudum

652 831 937 900 Imponat
970 827 1168 887 Heros
1199 821 1568 909 apparatibus
1597 818 1912 881 dextram?

645 912 978 998 Ipsumque
1010 914 1215 973 vincat
1251 910 1424 969 Mors
1458 903 2091 975 nefandaVi6torem,

648 1001 757 1061 Ab
789 997 1088 1059 Hostibus
1119 998 1227 1081 qui
1258 994 1338 1055 est
1378 1014 1452 1055 ne
1485 990 1740 1077 quidem
1768 987 1950 1052 semel
1977 988 2187 1053 vietus

662 1087 724 1145 Si
757 1082 945 1167 sparta
977 1083 1107 1144 talis
1136 1080 1448 1164 obtigisset
1478 1075 1740 1141 adversis

640 1171 940 1234 Viritoriae
971 1169 1184 1229 turmis
1204 1206 1219 1230 ,
1252 1166 1350 1228 vel
1385 1165 1749 1250 Imperatori

637 1255 929 1328 Favisset,
965 1254 1142 1313 aliive
1180 1252 1521 1333 potentiori
1558 1268 1676 1308 orae

639 1341 793 1402 Non
812 1337 929 1398 fata
960 1339 1210 1398 Boemus
1241 1331 1649 1416 funerumque
1679 1348 1776 1394 tot
1807 1330 2001 1400 casus,

640 1427 793 1486 Non
823 1420 1270 1506 West-phalus‚
1312 1437 1443 1478 non
1473 1418 1661 1478 tincta
1692 1417 1952 1481 caedibus
1985 1422 2244 1486 Cimber
2324 1473 2325 1479 ,

639 1511 914 1571 Ploraret
944 1528 1048 1569 ora
1068 1555 1084 1581 ,
1118 1525 1229 1564 nec
1259 1505 1602 1588 parentium
1633 1505 1868 1565 Lauros

641 1593 1046 1678 Suspenderet
1071 1587 1462 1672 Pragensium
1493 1588 1855 1670 Coloraedus
1877 1639 1896 1665 ,

643 1680 793 1760 Qo
826 1681 1169 1741 Civitatem
1199 1675 1549 1737 dormiente
1574 1672 1867 1736 Praefee'co

638 1767 793 1827 Non
825 1765 963 1825 ense
994 1779 1404 1849 pugnaturus,
1441 1778 1498 1822 at
1514 1760 1928 1846 Triumphatu

634 1853 771 1929 Rus
803 1853 983 1910 intrat
1004 1897 1022 1922 ,
1059 1848 1481 1929 Martiumque
1514 1846 1833 1929 pulverem
1862 1845 2104 1931 spargit.

635 1933 936 2013 Potuiffet
973 1933 1106 1995 heic
1135 1931 1180 1994 fi
1213 1934 1481 2006 vinciet,
1516 1932 1806 1993 Palatinas

628 2023 788 2084 Non
822 2021 1047 2085 Vietor
1080 2038 1240 2079 arces
1275 2015 1629 2078 subdidiffet
1660 2016 1947 2099 insignis,

627 2107 857 2168 Toties
880 2127 991 2167 nec
1025 2124 1224 2167 novos
1243 2101 1530 2164 sumsisset
1563 2105 1689 2165 Hic
1722 2103 2040 2166 Paludatus

630 2192 835 2254 Fasces
881 2195 942 2253 A
963 2216 999 2254 D
1018 2213 1060 2252 o
1080 2214 1157 2253 LP
1175 2213 1217 2253 H
1236 2213 1278 2259 1,
1313 2208 1424 2249 nec
1454 2185 1578 2248 fera
1608 2187 2020 2250 Laborantem

631 2277 995 2362 Globosque
1028 2276 1407 2359 spumantem
1437 2271 1696 2333 cohorte
1728 2274 2083 2338 Mavortem

634 2362 887 2424 Stitisset
920 2382 1076 2421 unus
1111 2360 1404 2421 Civitatis
1437 2359 1732 2420 Affertor.

630 2447 775 2510 Thu
786 2450 987 2530 ringus
1008 2495 1024 2520 ,
1059 2463 1158 2506 aut
1180 2444 1530 2504 Pannonius
1551 2491 1568 2516 ,
1601 2443 2003 2508 Bohemusve2

633 2535 859 2596 Aliave
892 2552 1043 2614 gens
1076 2531 1323 2591 inimica
1353 2549 1482 2590 non
1514 2526 1696 2590 habet
1727 2529 2002 2591 Laudem

634 2619 991 2680 Morientis.
1037 2616 1268 2702 Aquila
1297 2635 1425 2676 non
1456 2612 1698 2696 subegit
1728 2616 2030 2677 invictum

633 2707 772 2767 Nec
802 2704 1014 2766 Italus,
1036 2723 1148 2762 nec
1182 2701 1532 2773 Cantaber,
1565 2720 1678 2759 nec
1709 2699 1961 2761 Alcides

635 2793 772 2851 Rex
801 2786 1210 2861 Christianus,
1244 2808 1355 2846 nec
1386 2783 1704 2846 Cleruscus
1723 2835 1740 2861 ,
1761 2805 1860 2846 aut
1881 2789 2122 2848 Finnus.

632 2878 766 2936 Lex
786 2873 909 2935 sola
936 2876 1067 2935 Fati
1085 2921 1103 2947 ,
1121 2871 1403 2954 morsque
1426 2870 1550 2932 sola
1566 2869 1921 2954 prostravit,

633 2963 934 3045 Vicitque
969 2960 1031 3019 K
1053 2968 1251 3023 oNIG
1269 2981 1294 3020 s
1313 2979 1631 3021 MARCHH
1662 2957 1870 3041 Caput
1899 2956 2143 3018 sacrum.

716 3047 953 3106 Comes
982 3083 996 3108 ,
1034 3046 1328 3117 Senator,
1360 3043 1642 3104 Militum
1676 3040 2099 3118 Mareschalle,

635 3133 752 3195 Vir
784 3132 1013 3191 summe
1033 3178 1050 3202 ,
1081 3128 1251 3190 fortis
1271 3126 1561 3189 Hostium
1590 3125 2033 3210 Triumphator
2055 3176 2073 3201 ,

630 3217 769 3297 ὣζίί
793 3217 919 3274 ultra
966 3234 1078 3276 tuae
1110 3213 1320 3277 vixisse
1357 3213 1575 3275 clarior
1604 3214 1778 3295 genti

631 3304 905 3375 Poteras,
936 3322 1048 3360 nec
1080 3320 1344 3383 unquam
1370 3297 1616 3381 dignius
1649 3299 1809 3357 mori
1842 3296 2071 3358 invicta

629 3389 911 3451 Virtute3
943 3384 1090 3445 dum
1122 3382 1479 3446 conscendit
1508 3384 1788 3445 omnium
1819 3380 2059 3442 culmen

629 3472 764 3532 Tua
795 3469 915 3531 sors
946 3469 1269 3530 honorum·
1318 3468 1571 3551 Jamque
1603 3464 1909 3548 Olympus
1942 3465 2226 3552 exposcat

632 3558 731 3618 Te
750 3604 767 3629 ,
786 3572 1019 3639 tempus
1052 3554 1167 3629 est,
1196 3551 1550 3615 sublimiore
1578 3550 1876 3612 sublimen

637 3640 920 3701 Sublimis
950 3638 1112 3700 ostro
1131 3681 1148 3705 ,
1180 3638 1497 3723 praeliantis
1526 3634 1888 3697 orchestram
1958 3691 1960 3693 .

629 3725 1137 3786 Tumultuantem
1169 3722 1484 3785 Exercitus
1501 3721 1651 3803 vigil
1692 3740 1819 3805 quo
1837 3721 1940 3782 Tu

632 3810 997 3876 Sublimiore
1027 3808 1163 3872 sede
1193 3825 1359 3871 tutus
1387 3805 1739 3890 exstinguas.
