2628 4190
347 249 978 332 PARODIA
1082 248 2089 336 MORTALITATJS.

377 576 391 581 A
429 559 443 592 2
499 493 689 573 Heu
717 492 868 573 sors
898 494 1235 573 Homini
1256 496 1489 604 quam
1508 489 1680 572 data
1699 492 2028 571 lubrica!

363 638 452 678 ν
499 601 725 712 Qid
753 606 1056 685 Natura
1083 601 1273 684 datis
1302 601 1655 684 laudibus
1681 602 1907 682 effera
1942 601 2086 684 est?

234 792 258 805 ,,
352 696 464 806 ἧς
497 712 720 825 Qid
740 717 958 797 Vanis
976 715 1317 796 Animus
1342 736 1600 823 turget
1619 712 2124 796 Honoribus?

502 824 730 935 Qid
747 825 1024 906 mundi
1044 826 1314 907 titulos
1337 890 1357 918 ‚
1386 828 1654 906 Gloria
1679 826 2055 935 parturit?

614 937 1033 1019 Cadueum
1054 946 1135 1016 ὃς
1153 937 1416 1044 fragile
1436 938 1545 1017 est
1564 936 1786 1047 quod
1803 937 2022 1044 cupis
2038 933 2087 1013 ὀ
2109 937 2429 1019 Homo!

478 1049 608 1127 ‘Et
639 1048 968 1127 mortale
987 1049 1293 1127 bonum
1323 1047 1545 1159 quod
1566 1048 1714 1127 tibi
1739 1046 2133 1135 vendicas,

500 1160 631 1239 Da
653 1161 899 1266 Leges
918 1159 1230 1269 populis
1250 1221 1269 1250 ‚
1284 1163 1613 1270 juraque
1632 1158 1973 1248 subditis,

500 1269 563 1348 F
564 1298 649 1348 ae
677 1272 922 1350 rubris
955 1270 1282 1379 Aquilas
1309 1271 1544 1377 figere
1580 1272 1924 1351 terminis
1943 1330 1964 1360 ‚

501 1380 784 1461 Curras
804 1410 943 1490 per
960 1381 1288 1460 Tanaim
1310 1441 1330 1470 ,
1349 1380 1635 1488 subjice
1654 1379 2057 1490 quaelibet3

497 1491 644 1571 Nil
664 1492 790 1572 est.
850 1494 963 1573 Sis
982 1491 1331 1572 domitor
1351 1493 1634 1599 Lybiae
1650 1498 1733 1572 &
1752 1492 2068 1580 Africae,

497 1603 611 1682 Sis
633 1604 865 1684 Orbis
883 1604 1173 1713 gemini
1192 1603 1471 1691 Praeses
1501 1610 1583 1683 &
1610 1602 1974 1689 Arbiter,

496 1712 609 1792 Sis
631 1715 981 1825 pulcher,
999 1715 1344 1825 Sapiem,
1366 1713 1672 1804 nobilis,
1700 1733 1832 1795 aut
1850 1717 2047 1826 pius,

493 1824 585 1904 N
589 1827 641 1907 il
661 1825 772 1907 est
789 1857 803 1906 :
865 1828 1153 1908 Mortis
1172 1849 1406 1909 erunt
1423 1826 1686 1906 omnia
1719 1854 1898 1936 quae
1917 1845 2155 1908 tenes,

492 1939 700 2023 Non
720 1936 1075 2020 dostrina
1104 1968 1401 2022 moram
1429 1966 1580 2019 nec
1605 1940 1847 2047 pietas
1864 1938 2073 2031 facit,

490 2048 693 2131 Non
730 2049 861 2130 Te
885 2051 1278 2138 Nobilitas
1297 2113 1319 2144 ‚
1347 2080 1498 2133 nee
1526 2049 1983 2159 tegitinfula
2002 2110 2025 2141 ‚

490 2169 675 2253 Nee
697 2163 968 2245 Virtus
992 2223 1011 2253 ‚
1043 2163 1351 2244 obitum
1372 2242 1389 2267 ‚
1414 2192 1563 2243 nee
1583 2191 1826 2270 genus
1852 2156 2210 2272 impedit,

494 2275 793 2354 Omnes
814 2274 907 2354 ad
925 2272 1247 2356 fimilem
1266 2275 1618 2384 cogimur
1636 2273 1988 2354 orbitam.

494 2386 783 2466 Mortis
803 2385 1072 2466 dextra
1090 2384 1329 2476 favet,
1352 2415 1500 2467 nee
1518 2385 1729 2475 mihi,
1751 2413 1901 2465 nee
1923 2384 2090 2466 tibi.

492 2497 647 2576 Seu
668 2497 1007 2578 multum
1028 2525 1386 2579 numeres
1409 2557 1429 2588 ‚
1450 2497 1576 2576 seu
1600 2496 1791 2577 nihil
1822 2511 1904 2576 in
1922 2496 2189 2578 bonis:

492 2608 644 2688 Seu
669 2608 922 2689 Caesar
938 2610 1169 2689 fueris
1193 2670 1211 2697 ,
1234 2612 1359 2690 seu
1380 2606 1587 2719 quafi
1607 2607 1923 2688 Tullius
1940 2667 1962 2698 ,

490 2718 646 2798 Seu
666 2714 910 2799 Titan
932 2719 1187 2802 Veluti
1205 2778 1229 2813 ,
1251 2749 1437 2800 mox
1464 2737 1725 2798 tamen
1749 2718 2087 2809 occides,

487 2829 679 2911 Una
696 2857 972 2911 omnes
990 2835 1242 2942 capiet
1270 2829 1568 2912 Cistula
1586 2850 1956 2911 mortuos.

596 2939 737 3029 Nil
796 2944 987 3023 Vim
1018 2944 1127 3023 est
1151 2941 1357 3023 aliud
1375 3002 1395 3032 ‚
1417 2971 1651 3052 quam
1670 2947 1903 3023 timor
1921 2940 2198 3052 asperae

485 3051 770 3132 Mortis
788 3074 1227 3162 perpetuus,
1287 3057 1481 3134 Non
1504 3054 1729 3135 datur
1746 3052 2013 3132 horula
2622 3116 2625 3176 [

481 3160 872 3269 Respirare
894 3164 1034 3246 tibi
1050 3168 1201 3275 qua
1227 3166 1411 3247 lieet
1435 3168 1672 3247 unica.
2621 3181 2623 3216 ³

480 3272 669 3354 Vita
685 3282 767 3354 ὃς
785 3304 990 3355 mors
1011 3274 1317 3386 paribus
1336 3276 1659 3388 paffibus
1689 3273 2089 3356 ambulant
2105 3332 2134 3367 ,

479 3384 733 3469 Vives
747 3444 772 3480 ,
807 3388 1035 3490 Nosce
1052 3389 1273 3468 Mori
1288 3448 1308 3478 ‚
1348 3387 1521 3497 post
1540 3406 1670 3466 tua
1685 3387 1971 3467 funera.

934 3636 1594 3721 FINIS·
