2628 4190
1201 150 1207 160 ’
1307 157 1330 209 1

117 264 278 352 que
311 236 713 349 opificium
744 130 1281 350 consumpsit?3
1298 128 1556 323 ‘ganta
1590 234 1877 329 Hero'is
1897 238 2131 331 nostri
2150 237 2444 365 ubique

116 349 575 461 magnitudo
592 352 908 432 emicuit
924 409 950 445 ,
973 371 1063 431 ut
1079 350 1408 433 dubium
1427 353 1724 436 Amicis
1740 383 1826 438 ac
1845 361 2226 443 Hostibus
2243 356 2439 446 fece-²

114 456 702 553 rit‚fortitudin·e
718 465 859 572 maj
869 491 977 551 or,
990 491 1081 542 an
1102 460 1471 545 felicitate
1489 465 1893 551 exstitiffet.
1928 470 1992 551 F
1995 473 2333 555 ortisfimi
2352 506 2440 556 ac

111 567 551 656 Felicisslmi
582 571 1067 681 Imperatoris
1095 572 1411 655 dotibus
1444 575 1699 656 cultus
1723 576 2313 667 admirationem
2328 586 2438 668 sui

109 686 393 765 meruit
413 742 434 773 ‚
452 712 538 762 ac
556 687 1045 793 provocavit.
1103 685 1682 777 Co1iflie¹turUS‚
1699 690 2090 776 conflixit:
2115 699 2154 776 a
2179 723 2438 807 pugna

107 802 192 876 &
213 794 482 904 praelio
500 852 521 881 ‚
552 823 955 906 nunquam
973 795 1177 878 fusus
1193 856 1215 887 ‚
1232 799 1530 906 semper
1547 796 1808 880 vietor
1825 803 2140 887 recessit.
2182 807 2438 890 Acce*

105 905 300 988 dens
330 904 823 987 multitudini
840 907 1093 988 hostili
1110 907 1579 1019 inaequalitas
1598 905 1801 1005 loci,
1845 942 1947 994 ne
1964 912 2212 999 dicam
2239 917 2439 1013 diffia

106 1017 478 1098 cultatem
499 1078 519 1108 ‚
538 1015 668 1096 sed
688 1017 1377 1127 imposfibilitatem
1395 1025 1606 1100 auxit
1623 1022 1975 1106 Vistoriae
1992 1083 2015 1116 ,
2040 1029 2119 1108 in
2140 1028 2389 1113 Silefia
2403 1092 2426 1122 ‚

102 1129 411 1211 Bavaria
427 1186 449 1218 ‚
484 1128 913 1236 Thuringia
931 1190 950 1220 ‚
993 1134 1074 1210 in
1111 1133 1438 1211 Ducatu
1473 1133 2113 1218 Bremeverdenfi
2134 1200 2155 1230 ,
2202 1161 2436 1254 atque

103 1240 591 1321 Chersoneso
650 1240 1075 1322 Cimbrica.
1177 1242 1509 1353 Ubique
1546 1241 1600 1322 fi
1637 1239 2084 1355 discrimina
2105 1252 2396 1361 speetes
2414 1308 2435 1344 ,

100 1355 520 1432 moriturus
537 1378 564 1453 3
583 1350 637 1432 fi
657 1352 1030 1433 Virtutem
1051 1409 1075 1444 2
1096 1352 1460 1439 vidimus,
1496 1357 1699 1437 Non
1720 1355 1885 1438 satis
1905 1357 2131 1444 duxit
2152 1371 2438 1475 pugna-

100 1491 220 1553 re,
255 1459 391 1543 nifi
426 1462 766 1565 Viciffet3
805 1465 938 1547 nisi
965 1465 1389 1576 superiores
1409 1467 1629 1556 loco,
1665 1495 2037 1563 numem,
2072 1481 2436 1570 &armis‚

99 1578 397 1656 virtute
413 1575 754 1685 superior
767 1630 792 1666 ,
821 1571 866 1655 s
856 1578 1241 1687 uperaffet.
1275 1578 1532 1687 Qod
1548 1577 1602 1659 fi
1623 1580 1988 1663 Heroum
2007 1582 2160 1667 huc
2177 1615 2328 1668 con
2337 1588 2440 1670 fe.-

95 1708 362 1769 rantur
391 1689 634 1797 gesta,
694 1687 976 1797 quibus
1022 1690 1217 1772 fama
1251 1695 1640 1772 mentiens
1673 1720 1856 1773 cum
1887 1722 2199 1780 rumore
2234 1703 2440 1780 into-

99 1803 302 1891 nuit,
323 1818 556 1880 erunt
575 1802 818 1881 aetatis
836 1802 1147 1911 puerilis
1170 1802 1618 1912 crepundia,
1643 1803 1696 1885 fi
1715 1832 1899 1913 cum
1918 1805 2130 1891 saetis
2150 1812 2441 1894 Hero'iS

97 1912 384 2023 inclyti
414 1934 1018 2026 componantur.
1095 1915 1590 2009 Alexander,
1635 1916 1764 2002 cui
1796 1938 2440 2032 cognomentum

95 2026 731 2135 Magm‘adulatio
750 2027 972 2119 fecit,
990 2033 1071 2113 in
1092 2034 1675 2143 expugnatione
1696 2034 1940 2143 Nysae
1958 2038 2230 2129 Urbis,
2252 2061 2440 2121 cum

95 2139 406 2222 Milites
439 2145 521 2225 in
559 2142 1020 2254 trajiciendo
1052 2172 1284 2225 amne
1303 2167 1608 2256 partem
1628 2149 2001 2257 Civitatis
2020 2152 2393 2263 cingente
2412 2208 2439 2245 ‚

96 2253 487 2363 segniores
506 2254 844 2348 videret,
862 2260 1174 2340 territos
1195 2259 1612 2342 altitudine
1631 2260 1835 2345 alvei
1846 2290 1872 2367 3
1892 2260 2050 2375 ipse
2067 2267 2290 2349 scuto
2303 2267 2442 2348 suo

96 2368 413 2451 innixus
432 2430 452 2460 ‚
487 2369 710 2478 quod
729 2371 1035 2479 peston
1051 2372 1379 2477 subjecit
1399 2431 1420 2461 ,
1441 2378 1652 2483 prior
1667 2373 2008 2457 fiuvium
2032 2378 2443 2492 superaviti

97 2479 221 2560 At
245 2484 547 2591 quanto
568 2482 861 2563 facilius
881 2482 1227 2593 superare
1249 2483 1359 2563 est
1376 2514 1632 2594 aquas,
1670 2492 1908 2597 quam
1927 2493 2185 2600 ignes;
2219 2495 2302 2574 ὃς
2320 2521 2441 2574 ex„

99 2622 398 2674 ermem
419 2615 824 2706 penetrare
843 2594 1183 2679 fluvium
1202 2653 1224 2689 9
1263 2599 1498 2707 quani
1518 2621 1896 2682 armatum
1916 2633 2263 2685 cuneum
2281 2625 2307 2709 3
2327 2609 2437 2688 in³÷

99 2704 388 2788 vadere
409 2709 875 2798 Civitatem,
897 2714 1134 2820 quam
1154 2711 1551 2819 Regnum3
1573 2716 1798 2793 tanto
1820 2718 2082 2797 minor
2102 2716 2254 2801 fuit
2275 2720 2443 2799 Ma*

99 2818 433 2901 cedonis
466 2820 721 2930 gloria.
796 2823 1076 2915 Porus,
1114 2821 1553 2905 fortiffimus
1578 2823 1963 2908 indorum
1999 2828 2142 2912 RE
2161 2849 2248 2922 X,
2278 2833 2436 2913 col-

102 2930 268 3013 latis
286 2964 473 3017 cum
498 2933 1078 3018 Macedonibus
1095 2936 1319 3049 signis
1341 3001 1360 3031 ,
1381 2964 1713 3051 corpore
1732 2940 2000 3028 vastiffi
2010 2972 2144 3024 mo
2167 2944 2440 3037 fretus⁹

103 3074 290 3125 cum
320 3049 485 3158 ipso
523 3049 745 3159 Rege
766 3052 1142 3159 congredi
1162 3058 1390 3162 petiit
1407 3115 1427 3144 ‚
1461 3053 1591 3135 sed
1607 3054 1873 3136 multis
1892 3056 2257 3140 confecta
2271 3058 2440 3140 Vul-

102 3159 420 3242 neribus
447 3162 763 3245 erubuit
779 3189 1005 3247 Vanae
1033 3166 1259 3247 molis
1276 3168 1797 3278 praesumptio⁶
1865 3166 1951 3249 K
1969 3178 2018 3248 o
2037 3201 2084 3249 N
2103 3195 2182 3248 IG
2199 3202 2226 3248 s
2241 3200 2295 3248 M
2309 3202 2358 3250 A
2373 3203 2443 3250 R-

103 3303 145 3347 c
164 3299 299 3348 Hru
316 3303 343 3350 s
363 3330 387 3366 ,
438 3304 604 3356 non
655 3307 840 3359 cum
886 3280 1109 3389 Rege
1125 3337 1150 3371 2
1197 3281 1329 3362 sed
1376 3311 1560 3362 curn
1596 3282 1902 3365 'Caesare
1951 3279 2393 3392 congressus
2421 3331 2446 3376 ⁵

106 3405 232 3465 tot
266 3386 595 3469 Vulnera
614 3389 990 3475 Romanis
1007 3397 1275 3501 injecit
1299 3394 1610 3505 Aquilis
1631 3455 1650 3485 ,
1688 3415 1893 3506 quot
1931 3395 2123 3485 tela,
2171 3413 2298 3476 tot
2331 3398 2443 3478 via

105 3498 377 3580 storias
409 3502 736 3612 adeptus
773 3564 792 3594 ,
845 3526 1049 3615 quot
1105 3532 1415 3619 pugnas,
1511 3509 1944 3619 Imperator
1982 3508 2395 3590 Romanus
2420 3556 2445 3601 ,

102 3641 291 3693 cum
347 3616 896 3699 innumerabili
947 3621 1460 3704 multitudine
1481 3682 1500 3712 ,
1578 3631 1657 3703 &
1720 3621 1997 3703 Feroci
2055 3621 2442 3728 Persarum

103 3727 411 3837 impetu
430 3747 461 3818 ’“,
502 3728 915 3816 inclinaret
946 3734 1071 3815 sua
1103 3737 1298 3816 acies
1318 3796 1337 3827 ,
1397 3734 1744 3816 timidius
1776 3740 2178 3927 pugnantis
2196 3733 2445 3816 Militi

1416 3850 1507 3931 H
1560 3879 1603 3927 2
1934 3890 1935 3896 Ν
2165 3860 2443 3929 cutum
