2628 4190
1277 161 1416 271 26)

165 289 398 368 etiam
432 285 769 366 salutaria
804 168 1341 391 proponendo
1382 273 1697 358 consilia
1723 335 1744 366 ‚
1802 274 2110 386 pridem.
2145 281 2509 360 omnium

166 399 674 481 scribentium
692 394 1081 505 praeconia
1099 390 1476 500 superasti.
1537 391 1656 472 At
1675 409 1859 469 eant
1876 389 2116 471 hodie
2137 388 2405 470 laudes
2427 399 2510 471 &

167 515 560 622 praeconia
576 569 596 599 ,
632 511 864 587 etiam
891 507 1189 614 ignavis
1212 506 1668 584 communia
1689 563 1710 592 ,
1746 502 1912 611 quo
1933 502 2060 583 illa
2079 504 2407 584 demens
2429 510 2512 582 ὃς

168 624 567 705 ambitiosa
601 620 1000 729 protrudit
1034 615 1417 697 adulatio!
1473 614 1722 697 Certe
1760 617 2051 697 Hero‘is
2089 618 2329 698 nostri
2364 619 2513 698 Vir-

171 757 298 818 tus
320 797 342 826 ,
378 737 675 842 ubique
709 732 818 812 sui
850 731 1244 812 concolor
1260 791 1280 819 ,
1318 732 1804 840 propriisque
1824 757 1993 809 non
2014 731 2267 810 minus
2289 728 2514 841 dives

170 854 405 960 quam
441 846 777 956 speciosa
813 845 1043 926 lucris
1065 904 1085 934 ,
1121 842 1439 923 aliunde
1477 841 1793 953 quaesita
1810 870 1980 924 non
2002 846 2307 953 expetit
2327 871 2516 952 prae-

171 965 428 1042 conia:
449 962 666 1069 cujus
687 961 1060 1037 maximus
1079 955 1378 1037 frustus
1397 960 1669 1038 nonin
1690 956 1978 1045 Verbis,
1995 957 2229 1037 sedin
2252 959 2516 1036 animo

167 1072 351 1154 fitus
386 1073 496 1153 est
515 1129 539 1164 2
576 1082 660 1151 ὃς
682 1089 1160 1177 contemptu
1181 1069 1347 1178 ipso
1366 1068 1637 1177 gloriae
1655 1124 1682 1161 ,
1718 1071 2129 1179 praemium
2146 1069 2412 1180 gloriae
2432 1072 2519 1150 in

166 1188 243 1269 se
262 1189 576 1269 invenit
610 1211 780 1262 non
799 1179 1232 1292 quaefitum.
1293 1182 1571 1261 Fortes
1590 1237 1616 1273 ,
1654 1211 1807 1262 nec
1825 1181 2186 1262 imbelles
2206 1242 2228 1272 ,
2260 1181 2394 1261 sed
2414 1202 2518 1264 ta-

165 1329 356 1380 men
374 1295 747 1408 superbos
766 1303 848 1377 ὅτ
865 1293 1338 1384 ambitiosos,
1356 1297 1463 1374 ita
1484 1294 1846 1373 Romana
1864 1293 2217 1404 suggillat
2234 1295 2521 1403 sapien-

167 1416 305 1493 tia:
343 1411 594 1494 Multi
625 1412 1105 1489 inveniuntur
1139 1408 1508 1518 (inquit)
1544 1410 1679 1515 qui
1705 1409 1938 1515 ignem
1953 1407 2283 1513 inserant
2300 1407 2521 1490 Urbi-

166 1528 296 1605 bus
314 1584 336 1614 ‚
395 1528 528 1633 qui
537 1522 1133 1631 inexpugnabilia
1129 1518 1206 1624 s
1183 1524 1423 1600 aeculis
1442 1580 1464 1611 ,
1520 1529 1764 1628 &per
1775 1524 2055 1627 aliquot
2074 1540 2333 1602 aetates
2349 1517 2523 1603 tuta

155 1638 607 1747 prosternant
619 1666 657 1736 2·
711 1639 844 1743 qui
869 1660 1150 1743 aquuin
1165 1635 1452 1714 arcibus
1471 1660 1811 1743 aggerem
1828 1637 2222 1727 attollant,
2258 1645 2357 1727 &³
2371 1666 2523 1717 niu-

165 1779 285 1830 ros
317 1754 395 1830 in
433 1753 703 1830 miram
734 1750 1198 1829 altitudinem
1225 1747 1560 1827 aa'a'chos
1576 1801 1604 1839 ,
1663 1748 2016 1827 arietibm
2048 1776 2137 1828 ac
2166 1751 2524 1831 machinis

162 1863 498 1972 quaffint
512 1894 542 1943 .·
598 1859 1056 1966 multisunt,
1095 1863 1430 1969 quiante
1443 1858 1535 1964 fh
1564 1881 1795 1969 agant
1809 1915 1835 1952 ,
1872 1868 1973 1951 69⁹
1985 1864 2210 1971 terga>
2225 1863 2525 1976 hostium

154 2005 432 2085 graves
461 1975 721 2076 instent
731 2031 758 2068 ,
794 1984 890 2068 &⁰
906 1976 1015 2055 ad
1017 2001 1224 2054 mare
1240 2002 1580 2083 magnum
1581 1973 1860 2080 perfufi
1871 1974 2054 2053 ccede
2055 1979 2387 2083 gentium
2403 2006 2527 2057 ve·

165 2094 385 2169 niant
404 2119 440 2189 >⁰
476 2087 626 2190 sed
648 2091 735 2171 hi
761 2117 1037 2197 quoque
1067 2107 1158 2168 ut
1186 2090 1562 2169 vincerent
1591 2088 1850 2188 hostem
1864 2142 1891 2179 ,
1927 2090 2320 2195 cupiditate
2348 2092 2530 2172 vieti

144 2202 351 2308 sunt.
412 2203 643 2284 Nemo
656 2204 809 2282 illis
823 2201 1275 2283 venientibus
1290 2201 1584 2303 mastitit,
1591 2200 1869 2306 fi’a'nec
1882 2202 2012 2311 ipst
2021 2204 2409 2284 ambitioni
2416 2231 2522 2307 re·

136 2319 516 2421 stiterunt.
578 2314 782 2397 Tunc
791 2372 818 2408 ,
841 2344 1001 2396 cum
1019 2343 1231 2423 agere
1245 2315 1568 2422 vssfunt
1583 2319 1767 2395 alias
1789 2375 1810 2405 ,
1828 2316 2252 2422 agebantur.
2309 2315 2520 2426 Age-

168 2429 303 2510 bat
338 2427 742 2511 infelicem
777 2426 1328 2510 Alexandrum
1361 2428 1579 2509 furor
1612 2428 1860 2509 aliena
1875 2427 2268 2519 vastandi,
2324 2429 2524 2512 &ad

165 2545 439 2651 ignota
471 2542 862 2622 mittebat.
928 2539 1070 2620 An
1106 2540 1375 2618 sanum
1413 2539 1866 2646 putabimus
1893 2599 1916 2629 ‚
1974 2542 2526 2650 quiaGraeciae

167 2658 512 2767 primum
532 2652 883 2734 cladibus
901 2706 927 2742 2
958 2654 1041 2731 in
1061 2651 1217 2760 qua
1233 2651 1584 2734 eruditus
1603 2652 1714 2732 est
1731 2710 1752 2741 ‚
1770 2655 2117 2762 incepit3
2146 2657 2283 2764 qui
2297 2653 2524 2762 quod

169 2770 461 2878 cuique
510 2769 911 2878 optimum
963 2762 1075 2843 est
1109 2822 1132 2853 ,
1192 2766 1479 2873 eripuit
1516 2768 1549 2846 ?
1606 2763 2187 2848 Lacedaemona
2232 2766 2523 2849 servire

158 2880 417 2992 jussu,
464 2879 823 2962 Athenas
852 2876 1087 2959 filere.
1187 2877 1394 2962 Non
1430 2898 1868 2961 contentus
1901 2898 2031 2959 tot
2064 2879 2517 2964 Civitatum

170 2995 412 3106 strage
441 3053 464 3085 ‚
522 3021 710 3105 quas
738 3012 873 3075 aut
890 2994 1188 3075 vicerat
1208 2991 1620 3105 Philippus
1643 3013 1784 3077 aut
1806 3010 2134 3082 emerat,
2169 2993 2342 3074 alias
2365 2993 2518 3073 alio

173 3107 361 3186 loco
393 3110 775 3217 projecit„
812 3118 896 3186 &
918 3127 1097 3184 toto
1121 3107 1338 3187 Orbe
1359 3136 1572 3188 arma
1595 3107 2097 3188 circumtulit.
2150 3107 2235 3183 N
2243 3134 2338 3185 ec
2353 3109 2518 3187 sub-

172 3220 360 3296 stitit
394 3245 741 3329 unquam
781 3220 953 3298 Iaffa
982 3216 1861 3299 crudelitasimmanium
1880 3216 2210 3298 ferarum
2230 3215 2475 3295 modo
2495 3277 2515 3308 ,

175 3357 351 3434 quae
374 3392 394 3421 ‚
454 3331 864 3439 plusquam
905 3331 1155 3436 exigat
1182 3329 1451 3419 fames,
1511 3327 1894 3410 mordent.
1967 3332 2135 3428 jam
2165 3332 2241 3407 in
2276 3354 2516 3407 unum

173 3439 521 3546 Regnum
557 3443 801 3521 multa
831 3446 1088 3548 Regna
1123 3438 1479 3545 conjecit.
1551 3444 1805 3522 Graeci
1833 3450 1917 3522 δε
1951 3440 2189 3521 Persae
2205 3439 2512 3517 metue-

173 3576 260 3657 re
287 3608 306 3635 ,
351 3550 617 3631 liberat·
655 3554 992 3631 nationes
1027 3549 1304 3659 jugum
1355 3551 1732 3661 accepere
1768 3585 1806 3647 ,-
1846 3555 1953 3632 ire
1987 3572 2236 3632 tamen
2270 3550 2513 3627 voluit

175 3660 376 3737 ultra
398 3668 796 3742 Oceanum
815 3664 1284 3769 Solemque,
1312 3685 1552 3771 atque
1570 3666 2002 3771 indignatus
2032 3666 2127 3744 ab
2156 3661 2512 3742 Herculis

175 3771 599 3878 Liberique
641 3773 961 3879 vestigiis
986 3774 1388 3852 victoriam
1422 3776 1660 3857 fleffi.
1721 3775 1854 3883 Ipsi
1886 3795 2177 3854 naturae
2197 3774 2508 3956 vimbpa-

2248 3909 2329 3958 ra
2389 3901 2509 3984 at3
