2628 4190
1315 152 1417 225 60
1445 147 1450 154 ’

192 265 327 342 :niu
338 280 427 341 nt
444 317 468 351 ,
505 260 637 342 Vel
657 258 1007 370 profesta
1025 259 1204 339 sunt
1219 315 1242 350 ,
1265 150 1398 342 {rel
1418 146 1924 369 imposterum
1943 263 1984 341 a
2002 260 2325 342 Posteris
2344 290 2515 372 pro-

191 373 485 455 feetura
501 374 900 481 sperantur
916 433 937 463 ,
964 372 1231 453 ωιᾶοι·
1249 381 1327 453 &
1351 376 1569 482 origo
1590 375 1896 456 exstitit.
1939 376 2261 456 Etenim
2281 394 2409 455 tot
2425 379 2511 456 ri-

193 490 352 576 vi5‚
388 515 484 566 ex
515 487 911 566 uberrimo
947 486 1339 594 dignitatis
1371 485 1570 567 illius
1603 487 1868 576 fonte,
1901 488 2168 568 alienae
2197 508 2515 570 manant

192 600 584 687 utilitates,
603 626 779 706 quae
802 657 822 687 ‚
855 596 908 677 fi
928 598 1448 708 speetarentur
1464 597 1780 709 singulae
1800 655 1824 691 2
1860 599 2015 680 aliis
2030 603 2293 710 potius
2312 600 2514 684 illius

189 712 429 820 gloria
461 711 948 818 praedieanda
981 711 1225 801 foret,
1261 739 1493 822 quam
1519 714 1779 797 Nobis
1798 769 1821 805 ,
1862 715 1998 823 qui
2035 742 2219 800 cum
2257 712 2358 794 de
2390 716 2515 797 sua

186 827 600 932 Dignitate
617 879 643 914 2
694 824 1059 904 I-Ienerem
1075 881 1099 915 9
1153 828 1313 905 Deo
1328 856 1365 926 3·
1424 829 1874 906 Ornamentez
1891 884 1916 919 2
1970 828 2212 933 Regno
2226 856 2260 924 ,-
2311 827 2512 908 Com-

186 938 393 1015 moda
409 991 434 1026 ,
474 935 830 1034 Mlitice9·
863 937 1344 1044 affignaverit
1363 969 1379 1019 :
1414 940 1577 1020 Sibi
1594 1000 1616 1031 ,
1651 939 1787 1020 nisi
1809 939 2155 1021 laborem
2174 999 2195 1030 ,
2214 968 2475 1021 curam
2492 1000 2516 1032 ,

185 1047 795 1129 sollicitudinem
813 1051 1196 1144 reservare
1216 1080 1382 1132 non
1404 1052 1681 1136 Voluit.
1757 1054 1852 1134 In
1873 1071 2085 1132 tanta
2101 1055 2332 1161 igitur
2351 1057 2518 1133 Vir-

184 1181 429 1240 tutum
449 1219 471 1252 2
509 1163 886 1241 Honorem
903 1219 927 1254 ,
966 1164 1464 1273 Remorumque
1479 1169 1708 1275 copia
1725 1226 1745 1256 ,
1766 1167 1916 1276 qua
1935 1225 1955 1256 ,
1975 1175 2057 1247 δε
2074 1165 2414 1258 militari,
2435 1177 2518 1249 &J

187 1273 584 1355 Senatoria
601 1324 634 1364 ,Δ
655 1284 737 1356 ὃς
767 1276 1058 1359 Dueali
1075 1277 1316 1385 gloria
1332 1278 1677 1359 abundat
1695 1340 1715 1370 ‚
1749 1283 1980 1360 etiam
2000 1280 2324 1389 inclytae
2342 1281 2518 1360 Pro-

183 1387 404 1495 sapiae
424 1389 909 1497 gratulamur.
973 1390 1148 1469 Tot
1167 1394 1381 1471 enim
1399 1393 1818 1473 Virtutum
1836 1393 2049 1484 radii,
2065 1393 2267 1482 illius
2286 1391 2518 1503 sydus

184 1499 634 1582 illuminant
652 1532 678 1606 3
712 1523 839 1582 tot
860 1501 1166 1612 sydera,
1203 1504 1595 1586 honorem
1627 1507 1851 1588 suum
1885 1509 1967 1587 in
1999 1506 2204 1589 illam
2250 1507 2516 1589 confe-

183 1633 414 1720 runt3
475 1615 608 1696 Vel
628 1619 893 1724 potius
912 1676 932 1705 ,
962 1616 1163 1697 illius
1181 1619 1261 1698 in
1282 1619 1354 1699 se
1374 1618 1594 1701 Soles
1611 1618 2084 1701 admirantur
2099 1650 2135 1718 9·
2167 1639 2255 1701 ut
2275 1623 2355 1704 in
2378 1620 2518 1703 hac

185 1752 416 1835 quam
440 1731 723 1809 merito
743 1728 1207 1810 adornamus
1222 1730 1464 1813 laudis
1483 1736 2024 1815 AEtermemm
2048 1736 2339 1825 Gloria,
2363 1762 2518 1815 me-

183 1839 578 1920 tuendum
602 1840 695 1921 fit
713 1902 733 1932 ‚
770 1872 872 1923 ne
892 1844 1564 1953 quemadmodum
1584 1846 1685 1927 de
1705 1846 2037 1954 Philzppo
2055 1903 2079 1938 ,
2117 1874 2313 1958 puer
2330 1846 2518 1929 Ale-

181 1951 475 2033 xander
534 1956 848 2063 questus
880 1958 991 2038 est
1019 1989 1046 2063 3
1106 1962 1211 2040 ita
1231 1989 1414 2041 eum
1464 1961 1955 2070 JOHANNE
2008 1961 2409 2043 CHRisT
2434 1991 2516 2041 o-

184 2095 522 2146 PHORO
559 2067 1187 2155 KoNIGsMAR
1209 2104 1483 2167 emo,
1519 2074 1920 2157 Posteritas
1940 2072 2513 2186 tandemexpo-

179 2178 414 2259 stulet
431 2209 466 2277 9·
483 2181 706 2289 quod
725 2183 834 2265 illi
855 2244 874 2274 ,
897 2186 1089 2266 nihil
1109 2190 1269 2268 fere
1289 2189 1725 2300 reliquerit,
1741 2186 1956 2271 unde
1977 2193 2175 2274 novi
2194 2187 2511 2299 aliquid,

179 2294 561 2372 Wrtmum
578 2353 598 2383 ,
619 2294 999 2377 Honorum
1014 2354 1040 2389 ,
1060 2305 1617 2409 meritorumque
1629 2360 1654 2395 ,
1692 2323 2162 2385 ornamento
2181 2303 2511 2383 inserere

178 2404 410 2513 poffit
448 2436 476 2509 3
539 2436 883 2518 eumque
932 2412 1540 2519 patentissimum
1588 2415 1944 2497 imitandi
1996 2416 2073 2496 se
2125 2444 2513 2525 campum

178 2523 601 2627 aperuerit,
655 2522 1104 2630 assequendi
1138 2546 1352 2606 certe
1385 2556 1709 2608 omnem
1745 2528 2169 2639 praecidiffe
2203 2528 2510 2609 faculta-

177 2649 344 2711 tem
394 2631 773 2714 Videatur.
868 2634 1100 2715 Nihil
1143 2637 1764 2745 amplificationis
1800 2642 2012 2721 eausa
2048 2640 2462 2722 contendo
2481 2696 2507 2731 ,

178 2773 362 2825 eum
397 2744 892 2828 extenuanda
929 2749 1118 2829 mihi
1154 2755 1417 2859 potius
1451 2752 1637 2832 effet
1671 2752 2133 2863 magnitudo
2149 2753 2510 2855 Inviei‘iffl-

175 2862 279 2935 mi
295 2857 570 2938 Herois
588 2915 612 2950 ,
645 2879 735 2939 ut
754 2861 911 2942 hoc
927 2860 1194 2941 saltem
1213 2862 1457 2945 modo
1479 2865 1813 2948 cadente
1835 2872 2027 2955 Die,
2050 2864 2305 2945 dolori
2325 2894 2515 2944 meo

176 2972 420 3052 verba
442 2971 703 3052 darem
732 3033 750 3062 ‚
766 3004 853 3054 ae
873 2974 1187 3056 vulneri
1212 2976 1667 3060 medererin
1686 2981 2018 3089 speciem
2038 3005 2064 3078 3
2101 2976 2232 3057 sed
2250 3005 2508 3058 rerum

178 3083 472 3193 nempe
509 3089 866 3166 omnium
889 3144 909 3174 ‚
946 3091 1179 3170 etiam
1213 3087 1541 3182 doloris,
1584 3094 2027 3202 imperatrix
2050 3090 2160 3169 est
2180 3094 2508 3183 VeritaS,

177 3223 414 3303 quam
456 3199 628 3305 Ego
665 3198 858 3280 dum
880 3200 1198 3311 sequor,
1238 3203 1428 3283 nihil
1450 3226 1730 3312 praeter
1749 3233 1916 3284 eam
1936 3232 2280 3314 quaerere
2298 3207 2506 3312 inge-

177 3335 345 3387 nuo
381 3312 689 3418 poffum
715 3316 979 3392 animo
998 3314 1364 3423 profiteri.
1439 3320 1647 3426 Ergo
1665 3317 2076 3426 postquam
2094 3315 2136 3395 e
2158 3316 2351 3421 Ceste
2369 3376 2388 3406 ,
2421 3320 2505 3398 in

180 3422 525 3531 Oeeasmm
558 3428 788 3505 venit
821 3423 905 3504 K
925 3434 973 3504 o
992 3454 1050 3504 N
1069 3458 1095 3507 Ι
1115 3459 1166 3507 G
1182 3459 1213 3507 s
1233 3456 1299 3506 M
1317 3457 1369 3508 A
1386 3461 1442 3512 R
1462 3461 1508 3510 c
1527 3461 1584 3510 H
1602 3460 1628 3508 I
1649 3460 1707 3508 U
1722 3459 1754 3508 s
1770 3486 1795 3520 ,
1849 3450 2234 3510 tantarum
2268 3432 2505 3509 Virtu-

177 3549 346 3611 tum
383 3537 1003 3642 magnitudinem
1037 3549 1118 3620 &
1139 3541 1598 3635 claritatem,
1635 3542 1838 3624 vidit
1855 3546 1934 3622 in
1955 3543 2116 3653 ipso
2136 3544 2508 3622 Occidente

178 3643 580 3725 Occidens
609 3708 628 3737 ,
688 3658 770 3729 ὃς
804 3654 1112 3732 miratus
1146 3654 1270 3734 est.
1360 3658 1482 3736 Eo
1516 3656 1847 3736 maxime
1879 3675 2239 3761 tempore
2272 3713 2291 3743 2
2341 3683 2502 3761 qUO

181 3757 577 3867 utriusque
615 3760 952 3845 fortunae
987 3767 1293 3874 Regium
1326 3771 1628 3861 Virum,
1669 3797 1837 3850 non
1866 3773 2118 3851 tamin
2143 3768 2502 3872 Campi5‚

2183 3880 2467 3988 Pugnis
2485 3939 2508 3970 ,
