2628 4190
1214 101 1372 206 (9)

134 235 276 304 tur.'
335 225 559 306 Hinc
575 224 819 330 prima
838 252 1018 303 cura
1033 224 1205 313 fuit,
1225 253 1324 304 ne
1343 228 1548 308 inter
1570 227 1787 309 leves
1808 257 2231 337 puerorum
2252 234 2476 325 lusus,

131 335 351 419 leVib
361 364 441 413 us
457 330 660 412 haud
680 330 1029 416 addictus
1046 333 1355 415 caderet
1371 335 1766 418 illecebris.
1793 339 2131 422 Fortiter
2148 345 2476 425 ambula-2

127 442 1185 540 re‚currere‚sudare,viciffim
1200 443 1431 535 ablui,
1449 456 1531 529 &
1547 454 1938 558 natare2pri
1949 450 2130 533 dem
2147 454 2476 539 affuevc-

128 580 258 640 rat.
282 556 488 636 Mox
505 555 713 635 inter
727 584 940 665 pares
959 614 980 645 ‚
997 556 1324 636 formare
1344 587 1711 648 cuneum,
1729 567 1811 639 &
1829 563 2153 644 velutin
2172 563 2473 649 hostem

127 666 473 748 suscitare
491 669 627 746 iras
647 725 668 755 ‚
689 667 1032 760 bellandi
1049 669 1332 749 modos
1350 673 1668 777 pingere
1686 729 1706 759 ‚
1725 689 1856 750 aut
1876 671 2074 754 dolis
2094 675 2351 757 nodos
2367 681 2476 758 in-

128 779 470 870 nectere,
493 778 623 858 Vel
644 781 1024 888 explicare
1041 779 1136 859 ab
1155 781 1306 861 aliis
1326 784 1760 889 implicatos
1780 841 1800 872 ,
1819 780 2164 893 denique
2182 785 2474 877 luctari,

122 891 403 998 agitari,
418 914 762 997 pugnare
780 893 1084 999 pugnis⁹
1107 911 1239 970 aut
1257 892 1493 973 vultu
1512 896 1821 975 minari:
1841 894 2010 974 haec
2028 894 2137 975 illi
2155 897 2477 982 demum

124 998 443 1112 operosa
459 997 912 1109 spectacula,
931 1002 1100 1084 haec
1120 1061 1141 1090 ,
1159 1005 1364 1081 seriae
1385 1030 1631 1108 nugae.
1693 1003 2154 1086 Parciffimus
2179 1025 2476 1120 tempo-

120 1116 218 1193 ris
235 1171 256 1200 ‚
291 1109 635 1190 discendi
669 1116 1356 1219 opportunitatum
1376 1142 1643 1193 avarus
1662 1171 1682 1202 ,
1701 1117 2046 1196 inanium
2062 1119 2474 1200 immemor

123 1223 559 1304 officiorum
578 1278 603 1314 ,
625 1221 848 1302 solius
868 1223 1265 1302 affectator
1284 1230 1365 1302 &
1382 1223 1641 1304 affecla
1660 1227 2000 1308 militaris
2032 1227 2473 1339 disciplinae.

123 1332 384 1414 Tubae
406 1391 425 1420 ,
446 1361 737 1425 cornua
751 1393 770 1423 ‚
793 1353 1164 1443 tympana
1182 1394 1200 1422 ‚
1221 1356 1437 1413 erant
1458 1338 1752 1415 aurium
1772 1337 1973 1419 illius
2010 1340 2235 1420 Velut
2253 1340 2474 1421 sono-

112 1450 182 1526 ri
200 1453 508 1533 cantus,
527 1464 659 1524 aut
676 1444 1141 1526 chordarum
1158 1446 1390 1525 ‘suave
1410 1445 1850 1528 sonantium
1870 1450 2312 1532 lenimenta.
2354 1453 2474 1532 Sa-

118 1556 222 1637 ne
243 1584 533 1638 Vocem
556 1556 706 1634 alio
738 1559 1056 1639 mercari
1087 1556 1227 1635 sub
1249 1556 1458 1636 coelo
1478 1585 1642 1635 non
1665 1563 1931 1665 potuit
1948 1619 1967 1650 ,
1988 1564 2222 1671 quam
2240 1622 2258 1649 2
2294 1591 2474 1672 quae

117 1697 214 1748 ex
245 1695 634 1747 armorum
651 1667 972 1774 strepitu
990 1670 1250 1776 primis
1275 1668 1498 1748 labris
1518 1668 1812 1749 insedit.
1872 1671 2118 1780 Ipsam
2150 1673 2471 1755 collifio-

115 1807 303 1859 nem
320 1778 495 1858 ferri
515 1777 936 1857 concidere
954 1782 1399 1859 minutatim
1417 1781 1497 1858 in
1517 1780 1749 1860 sonos
1768 1839 1793 1874 2
1829 1789 1912 1864 &
1929 1787 2173 1864 aciem
2193 1814 2470 1866 canora

115 1891 370 1973 Veluti
383 1892 469 1969 in
487 1888 779 1998 puncta
797 1888 1261 1999 distinguere
1281 1950 1301 1981 ‚
1320 1890 1828 2002 pluribusque
1862 1899 2288 1976 momentis
2320 1926 2467 1979 ma-

113 2005 408 2082 ximum
433 2004 496 2110 ej
510 2029 594 2081 us
613 2002 834 2081 usum
852 2000 1319 2112 expendere,
1341 2022 1431 2082 ut
1449 2024 1742 2110 argutas
1762 2005 1949 2086 inde
1968 2006 2467 2098 vibrationes,

113 2121 198 2194 &
234 2112 443 2193 belle
480 2110 846 2193 cadentes
881 2117 975 2193 ad
1013 2143 1430 2195 numerum
1457 2116 1652 2221 ictus
1686 2139 2207 2226 componeret
2225 2180 2246 2210 ,
2284 2149 2468 2200 con-

113 2227 387 2306 suevit.
446 2224 559 2304 Ita
583 2225 712 2304 hic
748 2227 1089 2306 militaris
1120 2227 1475 2337 strepitus
1495 2283 1515 2313 ‚
1554 2257 1720 2307 non
1757 2229 2026 2309 cantus
2060 2229 2429 2312 Collusor
2446 2290 2469 2322 ‚

118 2334 770 2446 quotiescumque
830 2338 962 2419 Vel
1018 2336 1373 2418 simulato
1406 2339 1676 2445 praelio
1712 2339 2087 2446 congredi
2110 2345 2466 2451 contigit,
2550 2390 2551 2393 ¹

116 2447 500 2540 vibratam
518 2447 916 2527 celerrime
948 2475 1265 2528 manum
1286 2508 1307 2537 ‚
1345 2478 1510 2528 non
1534 2468 1820 2529 tonum
1852 2449 2466 2543 adliibendo‚at-

117 2587 274 2667 que
295 2557 573 2665 pedem
594 2558 821 2665 pede,
842 2589 1007 2640 non
1027 2588 1319 2641 Vocem
1339 2589 1543 2641 voce
1561 2559 2464 2671 premend0‚ictum‚non

115 2669 509 2777 suspirium
542 2670 1088 2780 suspendendo
1127 2692 1260 2751 aut
1291 2671 1783 2762 revocando,
1815 2674 2044 2753 Velut
2075 2672 2465 2756 Muficalis

115 2780 614 2860 artis-ultimas
631 2783 1100 2890 appendices
1119 2781 1664 2862 concinnabat.
1704 2783 2049 2865 Nullum
2081 2782 2240 2867 fine
2257 2815 2462 2867 exer-

119 2892 305 2971 citio
347 2895 594 3000 perire
632 2892 876 3000 passus
909 2893 1013 2973 est
1050 2893 1262 2973 diem
1280 2960 1299 2987 ,
1333 2897 1524 3003 quin
1563 2893 1700 2981 Vel
1735 2897 2082 2977 animum
2100 2954 2123 2985 ‚
2158 2899 2289 2979 Vel
2327 2927 2461 3007 pu-

121 3027 392 3108 gnum,
413 3002 507 3082 ad
528 3004 1006 3083 Martialium
1024 3004 1335 3084 Virium
1354 3006 1771 3084 satietatem
1799 3005 2248 3089 intenderet
2271 3066 2295 3102 ,
2329 3031 2462 3089 aut

121 3115 570 3193 remitteret.
615 3115 941 3195 Nullam
963 3114 1268 3195 transire
1291 3117 1552 3196 Voluit
1570 3117 1856 3227 absque
1874 3116 2150 3199 sudore
2189 3151 2274 3200 ac
2296 3121 2461 3230 pul-

124 3252 314 3306 Vere
334 3222 602 3307 horam
619 3284 644 3319 ,
674 3233 756 3306 ὃς
775 3226 942 3337 Velj
954 3227 1143 3307 ustas
1168 3228 1609 3338 respiration
1621 3258 1750 3309 um
1767 3228 1980 3310 ferias
2016 3227 2181 3312 fieri
2204 3232 2463 3313 Voluit

126 3333 422 3416 militiae
452 3335 876 3446 vectigales
962 3334 1172 3420 Talis
1218 3339 1304 3421 K
1323 3346 1372 3419 ὃ
1386 3373 1432 3417 Ν
1447 3373 1467 3417 1
1480 3373 1526 3419 G
1540 3373 1565 3417 s
1579 3375 1634 3419 M
1648 3373 1738 3418 AR
1750 3375 1792 3419 c
1808 3374 1882 3420 HI
1895 3374 1942 3418 o
1954 3374 2000 3419 R
2016 3374 2060 3419 u
2078 3377 2135 3422 M
2170 3345 2462 3424 summa.

127 3467 287 3526 erat
308 3446 676 3528 ludorum
701 3507 719 3539 2
782 3451 952 3529 talia
985 3448 1352 3559 praeludia
1386 3452 1829 3531 futurorum
1863 3455 2457 3565 triumphorum.

128 3557 432 3638 Verum
456 3580 760 3666 tempus
782 3561 1021 3652 istud9
1048 3561 1245 3672 ‘quid
1274 3563 1479 3644 aliud
1499 3623 1518 3652 ‚
1552 3566 1785 3674 quam
1820 3565 1897 3645 A
1917 3593 2019 3644 UR
2040 3597 2088 3642 o
2104 3599 2211 3645 RA
2267 3567 2419 3646 fuit
2440 3625 2461 3655 ‚

116 3698 305 3778 ,qut-e
348 3668 652 3752 nonnisi
685 3672 836 3783 ipia
858 3673 1051 3755 Solis
1069 3673 1180 3757 est
1205 3677 1528 3784 pueritia
1560 3733 1586 3769 ,
1621 3673 1932 3786 ejusque
1963 3675 2186 3759 Velut
2219 3680 2459 3865 aegatis

1436 3793 1517 3875 C
2320 3790 2460 3867 iur-
