2628 4190
1105 112 1110 116 ’
1189 85 1372 193 (25)

121 200 456 283 militem
488 193 1013 281 internecioni
1052 198 1546 308 expositum?
1569 217 1658 279 ut
1676 193 2049 311 utrinque
2078 211 2461 291 exercitus

119 315 413 398 hostilis
427 312 778 420 reliquiae
798 313 878 390 in
898 310 1218 391 latebras
1239 311 1599 401 evadere,
1620 331 1990 422 tergaque
2009 313 2228 398 fimul
2248 329 2328 400 &C
2347 323 2457 400 so-

119 431 290 513 lum
325 445 671 515 vertere,
707 451 956 503 unum
995 421 1248 504 salutis
1294 423 1665 506 duxerint
1708 427 2149 510 remedium
2181 451 2205 508 ἓ
2263 431 2461 515 Dixi

118 540 625 628 Melandrum„
648 536 981 617 Nomen
1004 535 1198 616 illud
1221 566 1362 646 per
1381 537 1772 619 infamiam
1801 539 2179 623 samolum
2199 601 2219 631 ,
2281 549 2461 653 quia

118 651 597 739 crudelitatis
628 679 716 731 ac
746 649 1124 730 scelerum
1143 709 1163 739 ,
1189 669 1424 761 atque
1447 650 1803 733 Suedicae
1845 651 2029 734 fidei
2063 654 2459 766 perfidum

118 767 596 850 desertorem
612 793 637 866 3
676 790 918 873 quem
955 760 1174 844 KoN
1193 769 1804 844 IGSMARCHIU
1822 794 1854 844 s
1890 771 2126 849 toties
2144 768 2457 861 afflixit,

117 881 432 963 domuit
448 937 469 968 ,
499 876 976 980 debellavit3
1010 894 1246 985 atque
1267 877 1438 957 usus
1456 878 1827 988 exemplo
1849 879 2006 990 Maj
2017 909 2241 964 orum
2259 945 2281 974 ‚
2321 887 2459 967 eri-

117 993 664 1108 puitDucatus
675 990 1173 1071 Bremensem
1196 998 1276 1069 &
1291 990 1812 1082 verdensem,
1827 992 1923 1074 ab
1943 996 2007 1104 ej
2018 1011 2107 1075 us
2121 1001 2459 1103 tyranni-

117 1106 258 1198 de,
291 1134 528 1218 quam
559 1098 856 1212 ubique
888 1102 1288 1196 locorum,
1322 1125 1786 1215 portentum
1808 1107 2005 1189 illud
2038 1109 2458 1193 hominum

115 1220 551 1302 exercebat.
611 1217 738 1297 Ut
769 1217 957 1299 hinc
974 1245 1298 1328 quoquc
1317 1222 1541 1328 juxta
1572 1218 2007 1300 sereniffimi.
2041 1221 2421 1335 Principis
2431 1274 2458 1315 ,-

115 1334 474 1412 Friderici
505 1329 742 1409 Ulrici
757 1389 779 1421 ,
814 1334 1278 1416 vaticinium
1308 1330 1598 1412 confici
1628 1332 2293 1443 poffitaPosteris:
2329 1335 2394 1416 F
2396 1365 2461 1420 a·-

114 1444 350 1529 miliae
386 1441 1483 1536 KoNIGsMARcHIANAE‚
1539 1475 1645 1526 ne
1679 1446 1855 1526 suos
1893 1446 2221 1557 quidem.
2264 1449 2463 1529 Her-

113 1563 304 1646 cules
344 1554 707 1647 defuisse,
744 1560 882 1666 qui
901 1575 1272 1639 terrarum
1307 1555 1632 1640 salutem
1661 1582 2211 1668 procurarent,
2249 1561 2462 1642 forti-

114 1691 237 1754 ter
270 1669 765 1779 feliciterque
802 1670 1236 1779 pugnando
1274 1700 1459 1753 cum
1496 1671 1873 1754 monstris,
1960 1674 2299 1755 Minima
2332 1676 2466 1756 ista

112 1803 354 1867 erunt
387 1842 410 1874 ,
463 1812 561 1864 ex
597 1782 980 1864 indefeffis
1029 1786 1758 1893 Kb'mgsmarchimae
1806 1785 2138 1870 solertiae
2191 1787 2464 1867 labori-³

115 1900 266 1982 bus
317 1894 560 1978 laudis
610 1916 1069 1979 ornamenta
1099 1952 1126 1991 ,
1178 1898 1504 2010 quando
1556 1900 1692 1982 ille
1741 1900 1903 2010 ipse
1959 1902 2180 2012 parvi
2231 1905 2466 1981 toties

113 2013 529 2097 Exercitus
548 2010 887 2120 Magnus
907 2012 1337 2123 Imperator
1355 2070 1379 2105 ,
1408 2014 1614 2096 solus
1649 2013 1950 2125 ubique
1969 2017 2324 2126 praeiret3
2358 2015 2466 2095 so*

117 2125 238 2208 lus
258 2144 385 2207 tot
403 2124 765 2206 locorum
788 2143 1323 2237 terrarumque
1360 2127 1601 2210 diffita
1617 2128 1850 2238 spatia
1866 2126 2198 2240 gloriose
2219 2126 2466 2210 confi-

118 2258 381 2343 ceret3
402 2258 640 2350 atque
661 2268 828 2322 non
848 2258 1007 2321 tam
1028 2243 1411 2352 pontibus
1433 2302 1453 2332 ,
1473 2246 1711 2352 quam
1730 2239 2126 2325 frontibus
2146 2239 2471 2323 flumina

121 2369 249 2431 tot
267 2353 627 2434 celeriter
631 2384 661 2463 J
674 2375 1006 2461 ungeret
1027 2413 1047 2442 ‚
1066 2375 1355 2463 totque
1376 2355 1810 2461 stagnantes
1831 2362 1914 2435 ὃς
1933 2354 2146 2437 vado
2166 2353 2467 2465 pericli»

120 2483 374 2546 tantes
395 2463 716 2572 paludes
735 2464 1135 2552 laboriose,
1154 2492 1249 2541 an
1270 2464 1613 2546 animose
1631 2523 1652 2554 ,
1670 2464 2076 2574 superaret.
2134 2465 2472 2577 Ubique

22 2616 25 2619 ¹
122 2604 296 2657 non
318 2573 538 2658 lente
558 2634 582 2664 ‚
614 2603 783 2657 non
819 2573 1123 2658 temere
1155 2577 1357 2656 Vires
1378 2583 1459 2656 ὃς
1480 2605 1684 2661 arma
1703 2577 2119 2671 miscebat,
2159 2582 2471 2688 impetu

124 2697 208 2770 &
243 2686 570 2769 consilio
611 2687 1022 2797 sospitabat
1054 2688 1609 2770 fortitudinem
1646 2747 1669 2779 ‚
1722 2690 2183 2800 opportune
2217 2702 2299 2772 ὅτ,
2337 2722 2471 2803 op*

124 2820 469 2912 portuna
504 2799 873 2909 aggreffus
906 2829 936 2903 3
988 2820 1077 2883 ut
1116 2801 1335 2882 usum
1372 2801 1760 2884 vincendi
1809 2801 2007 2886 ultra
2056 2802 2470 2889 vietoriam

127 2911 649 3024 protenderet
665 2971 687 3003 ,
722 2919 804 2995 δι’
823 2914 1108 3023 pignus
1125 2914 1488 2996 secundae
1507 2915 1784 3023 palmae
1803 2970 1828 3006 ,
1865 2920 2209 3026 primum
2231 2918 2471 3010 daret,

127 3044 264 3108 aut
280 3027 586 3113 faceret.
646 3025 1000 3118 Verum,
1039 3030 1212 3136 quis
1236 3029 1394 3137 jam
1418 3029 1604 3108 mihi
1627 3029 1916 3110 tribuat
1955 3060 2122 3114 eam
2154 3031 2474 3114 feliciffi÷

128 3166 338 3221 mam
378 3137 697 3223 dicendi
746 3142 1188 3251 potentiam
1218 3197 1242 3231 ,
1315 3162 1406 3222 ut
1442 3142 1644 3222 hanc
1677 3143 1911 3252 ipsam
1946 3148 2101 3226 ritu
2160 3145 2473 3227 Prome-

131 3253 335 3342 thei,
371 3281 467 3333 ex
509 3251 864 3335 altissimo
900 3252 1274 3337 volubilis
1309 3254 1790 3365 eloquentiae
1824 3256 2022 3338 caelo
2073 3256 2474 3340 deducere

133 3366 438 3451 valeam
458 3369 489 3446 Ξῖ*
519 3365 915 3476 Equidem
947 3386 1141 3449 tunc
1161 3367 1499 3449 dicerem
1523 3373 1883 3478 ingentes
1903 3373 2296 3454 virtutum
2314 3392 2470 3455 tua-

129 3506 311 3561 rum
353 3506 620 3589 operas
652 3538 672 3568 ,
721 3477 771 3557 o
821 3480 909 3560 H
929 3508 978 3561 E
998 3509 1173 3561 Ros
1231 3480 1628 3564 fortissime
1659 3542 1677 3572 ,
1712 3482 1994 3591 quibus
2027 3492 2109 3564 ὃς
2139 3483 2473 3595 gloriose

130 3590 578 3680 vincendo,
598 3592 815 3673 domi
830 3591 1189 3703 forisque,
1208 3594 1435 3675 Bello
1454 3594 1835 3707 Paceque,
1855 3599 2473 3680 AEternatzzmm

141 3706 470 3811 Gloriam
488 3704 927 3800 extendisti,
961 3735 1225 3821 neque
1241 3708 1493 3790 solum
1511 3708 1818 3792 fortiter
1833 3712 2264 3823 pugnando
2285 3765 2306 3800 ,-
2337 3709 2472 3790 sed

359 3850 378 3856 ·
1463 3820 1546 3903 G
2236 3826 2468 3909 etiam
