2628 4190
426 269 837 401 ODE
956 263 1920 392 VIRTUTIs,

183 507 456 607 ‘'‘Q‘ffi
499 490 696 570 Irtus
727 507 1054 598 paterno
1087 491 1375 596 gignita
1400 471 1790 580 Traduce,

166 586 471 739 -Ῐῖχκςᾶῗέἷ
497 599 771 684 Virtus
805 595 1082 680 adultis
1119 599 1334 680 insita
1368 601 1664 680 Viribus

463 731 470 760 -’
609 711 882 793 Virtus
900 707 1289 819 frequenti
1313 710 1580 791 funeta
1600 708 1863 803 laude,

676 820 1026 910 Iudiciis,
1061 822 1491 931 habituque
1526 819 1814 903 crescit.

483 932 687 1013 Odit
703 933 1017 1044 supinos
1050 935 1428 1045 Corporis
1447 932 1763 1014 habitus.

475 1040 798 1126 Gaudet
832 1045 1253 1156 superbum
1285 1065 1592 1131 Vertere
1618 1049 2000 1131 verticem

590 1155 1021 1267 Terraeque
1040 1155 1451 1266 splendens
1469 1156 1692 1240 sorde
1708 1162 1943 1268 major

668 1268 1156 1349 Coelicolum
1185 1268 1698 1379 superumque
1717 1270 1811 1354 ad
1829 1267 2084 1352 AEdes

477 1379 955 1460 intaminatis
986 1377 1281 1460 scandit
1309 1382 1758 1464 honoribus.

477 1490 767 1571 Tutrix
785 1491 1136 1576 venustae
1167 1489 1490 1573 maxima
1521 1492 1819 1577 Gloriae

584 1600 832 1681 Ridet
862 1599 1149 1685 fucatas
1188 1603 1427 1683 Orbis
1453 1623 1646 1685 artes

659 1714 766 1795 Et
780 1711 1125 1822 fragilem
1151 1716 1539 1824 popularis
1558 1745 1829 1799 auram.

477 1822 800 1906 Virtute
833 1823 941 1906 fas
971 1826 1083 1907 est
1116 1830 1345 1909 nitier
1370 1831 1607 1910 unica.

475 1933 705 2017 Fama
735 1936 1148 2020 ambienda
1165 1939 1276 2022 est
1293 1937 1580 2021 nobilis
1596 1995 1621 2028 2
1655 1939 1800 2023 hae
1831 1943 1994 2027 vias

582 2047 884 2140 Virtus,
914 2048 1053 2131 fibi
1072 2081 1248 2162 quae
1269 2052 1570 2135 constat
1586 2052 1737 2164 ipsa
1755 2112 1776 2143 ,

653 2159 790 2240 Est
804 2163 1144 2268 pretium
1159 2163 1465 2247 fibimet
1483 2194 1851 2277 perenne.

468 2270 767 2360 Virtus,
783 2275 1172 2360 Parentes,
1192 2278 1288 2352 M
1295 2281 1496 2362 unia,
1518 2279 1844 2362 Patriam
1860 2337 1881 2368 ,

467 2382 751 2472 Vitam,
773 2387 1125 2472 Penates,
1144 2378 1361 2471 sacra,
1382 2390 1826 2478 Pecuniam,

577 2489 776 2582 Res,
816 2499 899 2573 &
933 2493 1278 2574 Salutem
1300 2493 1589 2580 ‚servat
1618 2498 1852 2602 alma3

649 2604 960 2706 Omnia,
980 2631 1218 2713 quem
1237 2631 1478 2712 penes
1496 2610 1630 2697 est,
1649 2610 1981 2698 habebit,

463 2713 788 2797 Virtute
805 2717 946 2824 maj
957 2742 1046 2794 or
1102 2716 1521 2799 marchio
1540 2720 1817 2827 Regius

458 2826 716 2935 Major
737 2852 840 2905 ne
895 2831 984 2915 V
1004 2854 1032 2905 1
1049 2855 1109 2905 R
1126 2853 1180 2905 T
1201 2854 1260 2905 U
1276 2856 1344 2907 s:
1388 2827 1625 2911 dieite
1644 2833 1948 2921 Posteri.

566 2934 983 3030 Vir‚,traxit
1013 2939 1054 3016 a
1090 2935 1422 3025 Virtute
1458 2941 1790 3026 Nomen
1814 3003 1839 3040 ,

632 3046 912 3158 Atque
948 3049 1130 3128 Viro
1164 3047 1430 3134 valido
1465 3051 1681 3137 aueta
1702 3057 1971 3140 Virtus,
