2628 4190
112 290 309 395 (Qis
343 290 553 369 enim
586 288 809 397 hujus
846 286 924 365 in
960 282 1278 366 vultum
1310 310 1397 361 ac
1431 307 1685 361 mores
1736 304 2083 391 unquam
2116 279 2441 387 aspexit,-

110 402 297 508 quin
336 401 672 505 ingentis
702 400 783 477 in
818 425 916 476 eo
952 395 1186 474 animi
1226 392 1615 502 specimen
1665 391 2160 501 speciemque
2207 390 2459 498 pede--

106 512 304 616 gerit
326 516 355 592 P
374 511 741 589 Ferocior
757 506 1122 617 aspectus,
1140 504 1407 614 suique
1410 537 1441 615 J
1450 532 1573 584 am
1590 502 1897 584 securus
1912 530 2001 583 ac
2018 500 2451 610 negligensg,

109 622 298 700 nihil
325 625 401 702 in
426 620 728 728 reliquo
744 619 1023 698 frontis
1041 624 1121 696 ὃς
1147 618 1495 727 corporis
1527 615 1800 695 habitu
1819 676 1841 706 ‚
1880 613 2075 695 nihil
2111 616 2194 694 in
2225 615 2455 696 mori-

108 735 251 811 bus
271 735 588 839 vitaque
621 727 1169 809 meticulosum
1195 788 1215 817 ,
1235 726 1597 817 otiosum,
1615 731 1832 808 iners.
1885 726 2016 807 Ut
2056 723 2102 805 ὲ
2119 724 2330 807 Viris
2347 721 2456 804 di-

103 848 396 949 gnitate
419 870 580 920 non
606 845 838 947 magis
861 845 1093 950 quam
1112 840 1473 948 sapientia
1489 838 1927 947 conspicuis
1946 897 1967 927 ‚
1986 834 2310 916 minime
2327 835 2455 915 de-

104 956 396 1033 fuerint
414 1013 433 1042 ,
456 953 592 1062 qui
609 956 712 1032 ita
729 954 1248 1062 pronunciare
1269 950 1418 1029 ausi
1434 950 1614 1031 sint:
1634 950 1717 1033 K
1737 954 1788 1026 ὃ
1817 981 1864 1027 N
1880 982 1902 1025 1
1931 983 1977 1027 o
2006 980 2033 1025 s
2055 983 2111 1028 M
2139 981 2184 1026 A
2205 980 2251 1025 R
2272 979 2314 1025 c
2338 980 2383 1024 H
2399 979 2459 1023 11

95 1067 935 1172 genimmperpendimm9·
951 1067 1109 1164 ejus
1127 1066 1322 1140 certe*
1341 1068 1729 1169 ingenium,
1748 1089 2092 1169 magnum
2108 1061 2461 1169 quiddam

92 1180 480 1283 pollicetur
499 1207 525 1254 .·
563 1180 669 1262 &,
708 1175 1054 1254 Habebit
1074 1179 1241 1252 olma
1265 1177 1513 1261 Orbis,
1533 1203 1746 1281 quem
1764 1175 2098 1260 celebret,
2102 1176 2458 1279 pugilem&

105 1290 412 1367 habebit
432 1289 697 1373 Roma,
717 1314 929 1392 quem
945 1305 1258 1372 metuat,
1277 1285 1810 1365 Hmmbalem
1844 1285 2297 1364 Excurrunt
2312 1280 2460 1372 alii,

105 1398 516 1508 postquam
550 1395 948 1476 infantiam
983 1396 1468 1476 excesserunt
1487 1457 1505 1485 ‚
1545 1396 1639 1475 ad
1697 1393 2138 1504 ampliffima
2197 1393 2458 1473 libera-

110 1509 300 1587 lium
317 1511 597 1588 artium
621 1505 1109 1615 spatia2plane
1177 1536 1271 1585 ue
1290 1507 1803 1615 triumphant,
1823 1507 2109 1616 quibus
2133 1504 2230 1585 ad
2250 1517 2459 1584 com-

106 1649 433 1700 munem
465 1617 933 1698 literaturam
959 1648 1095 1698 eru
1163 1615 1646 1728 itioiiemque
1683 1617 2106 1698 formandis
2143 1616 2461 1727 ipsamet

104 1731 462 1839 sapientia
483 1729 907 1810 molitrices
945 1730 1278 1840 applicat
1297 1760 1585 1810 manus.
1654 1732 1698 1838 J
1718 1765 1766 1809 o
1785 1765 1829 1810 H
1843 1765 1886 1809 A
1901 1762 1948 1807 N
1963 1761 2062 1808 NE
2077 1762 2104 1807 s
2155 1730 2233 1811 C
2254 1759 2314 1808 H
2332 1759 2392 1808 R
2408 1759 2463 1808 I-

106 1874 138 1922 s
161 1871 345 1923 TOP
369 1871 685 1922 HoRus
740 1842 828 1924 K
850 1848 1106 1920 omes
1127 1874 1558 1922 MARcfflus
1605 1840 2466 1930 adultiorsactus‚aliter

104 1958 145 2034 a
182 1954 616 2062 Majoribus
655 1953 1046 2035 intellexit
1075 1981 1102 2055 3
1161 1951 2275 2046 nimirum2excellentiss1mos
2313 1954 2463 2031 ani-

105 2094 275 2145 mos
296 2126 315 2156 ‚
348 2068 515 2146 raro
535 2093 892 2145 curarum
910 2126 930 2156 ‚
958 2093 1144 2175 quas
1162 2084 1422 2146 amant
1453 2066 1694 2148 literae
1714 2128 1734 2157 ,
1772 2065 2027 2149 videri
2058 2070 2468 2175 patientes,

104 2185 212 2267 δε,
235 2196 321 2257 ut
343 2176 670 2288 quisque
689 2174 1323 2285 ingeniofisfimus
1342 2177 1452 2257 est
1469 2238 1489 2266 ,
1523 2181 1626 2256 ita
1643 2177 2002 2258 laborum
2036 2181 2115 2257 in
2150 2176 2466 2256 scientia

108 2288 626 2398 comparanda
643 2290 1020 2370 intoleran
1031 2287 1396 2368 tissimum
1415 2288 1689 2370 haberi.
1704 2292 2212 2400 Qamquam
2229 2292 2465 2368 etiam

111 2430 280 2480 non
305 2399 558 2481 defint
596 2422 860 2509 arguta
895 2399 1256 2510 quaedam
1276 2403 1545 2508 capita,
1565 2430 1768 2510 quae,
1787 2430 1972 2480 cum
1992 2427 2312 2510 operam
2329 2396 2468 2479 dis-

111 2512 416 2620 ciplinis
438 2533 732 2593 navant
750 2571 770 2600 ,
790 2530 1101 2591 tantum
1117 2510 1338 2591 famae
1359 2511 1508 2591 suae
1528 2511 1827 2591 detrahi
1861 2530 2152 2620 putent
2170 2571 2191 2601 ‚
2230 2539 2465 2621 quan-

111 2645 285 2702 tum
321 2621 552 2702 studii
587 2651 673 2703 ac
706 2623 987 2702 laboris
1018 2623 1445 2731 adjiciunt9·
1482 2652 1569 2703 ac
1605 2623 1915 2703 laudem
1950 2625 2242 2731 ingenii
2261 2649 2465 2731 quae-

109 2759 280 2813 rant
306 2793 325 2822 ‚
362 2734 886 2814 ostentatione
907 2741 991 2813 &
1010 2733 1239 2815 Velut
1259 2734 1733 2815 venditione
1767 2735 2099 2842 quadam
2117 2734 2465 2840 ignaviae.

110 2847 317 2925 Non
336 2848 439 2925 ita
472 2848 734 2926 Heros
757 2845 1088 2933 Noster,
1122 2865 1213 2924 ut
1246 2846 1710 2954 ingeniosior
1725 2841 1954 2937 esset,
1987 2845 2339 2924 solertior
2369 2841 2470 2921 fa-

113 2958 319 3046 ἕως,
372 2957 706 3037 solidum
743 2959 1237 3065 experientiae
1277 2959 1745 3040 consecutus
1781 2958 1892 3037 est
1925 2984 2224 3036 nomen
2262 3014 2283 3043 ,
2337 2981 2465 3036 Va-

114 3098 350 3148 cuum
385 3077 468 3149 &
500 3072 728 3149 inane
763 3069 1153 3149 literarum
1175 3070 1434 3179 ,quod
1467 3073 1544 3150 in
1568 3067 2097 3180 speculatione
2130 3067 2463 3177 plerum-

117 3209 170 3287 q
176 3209 270 3258 ue
292 3178 656 3269 consistit,
680 3179 1170 3291 contempfit.
1194 3178 1397 3261 Tam
1418 3181 1690 3265 avidus
1707 3180 2279 3264 existimationis
2296 3206 2464 3257 non

117 3291 265 3369 fuit
288 3353 307 3381 ,
365 3312 456 3372 ut
487 3292 753 3398 gloriae
787 3291 1065 3374 famam
1099 3297 1412 3373 mercari
1445 3293 1693 3374 Vellet
1729 3294 1823 3373 ab
1859 3296 2025 3372 otio
2057 3292 2463 3373 literarum.

121 3402 311 3480 Satis
330 3403 600 3483 habuit
619 3463 637 3492 ‚
659 3424 953 3483 naturae
973 3403 1125 3483 dici
1144 3463 1169 3495 ,
1215 3403 1435 3514 quod
1453 3403 1636 3484 scire
1656 3403 1951 3511 posset3
1972 3404 2241 3484 maluit
2257 3399 2465 3480 labo-

120 3515 216 3590 ris
249 3511 397 3591 esse
430 3573 450 3602 ,
509 3513 728 3623 quod
772 3515 1011 3594 sciret.
1088 3510 1467 3626 Cumque
1502 3515 2006 3596 nihilominus
2040 3519 2139 3595 ita
2169 3513 2466 3595 valeret

119 3627 197 3701 in
205 3626 443 3726 genio
466 3685 486 3713 ,
512 3644 602 3703 ut
640 3628 966 3705 minimo
984 3625 1092 3705 illi
1110 3626 1363 3708 studio
1388 3656 1586 3737 opus
1605 3626 1790 3708 esset
1807 3626 1901 3708 ad
1919 3628 2165 3706 literas
2186 3686 2205 3716 ,
2230 3627 2334 3704 ita
2353 3624 2465 3702 Vi-

121 3732 358 3815 cisfim
392 3763 711 3844 operam
739 3735 1140 3829 adhibuit,
1178 3737 1379 3820 nihil
1415 3758 1504 3820 ut
1536 3742 1852 3851 ingenio
1891 3737 2131 3819 fidere
2164 3735 2465 3822 videre-

2322 3864 2465 3922 tur.
