2628 4190
1233 142 1274 193 2

118 252 305 306 nere
322 284 344 315 ‚
374 242 466 304 ut
483 222 639 332 ipse
662 216 979 314 debuit,
1013 242 1103 305 ut
1116 114 1508 334 pingaufi
1528 229 1707 311 sunt
1725 290 1747 321 ,
1779 250 1869 313 ut
1888 261 2161 317 omnes
2178 226 2452 321 Volue-¹

115 357 322 418 runt.
391 333 679 416 Probat
710 333 911 414 istud
943 338 1316 446 imprimis
1348 337 1472 418 illa
1505 342 1840 450 majestas
1872 345 2183 438 frontis,
2214 352 2453 454 Offena

91 450 374 554 stonum·
377 468 507 554 pro
521 448 1151 554 utilitatepublicd
1161 455 1585 558 mapa-vida
1599 508 1625 543 ,
1660 483 1892 562 quam
1909 513 1937 549 ,
1973 456 2111 537 etfi
2128 457 2454 543 severio-

112 588 279 644 rem
312 576 581 640 natura
610 558 1106 650 formaverit,
1138 561 1342 645 illam
1378 583 1640 644 tamen
1674 564 1769 643 ad
1800 565 2176 676 Caligulae
2197 571 2455 680 specu-

110 665 278 753 lum
310 700 480 752 non
515 673 883 759 vocavit,
916 675 1109 782 quin
1144 677 1224 754 in
1259 675 1693 757 honoribus
1711 676 1935 785 aeque
1957 678 2458 767 utlaboribus

108 783 511 890 mitigabat
527 842 549 873 ‚
567 801 658 862 ut
674 782 1010 893 fulgeret
1027 790 1110 864 &
1127 790 1491 871 emicaret
1507 786 1842 867 serenius
1862 816 1877 866 :
1906 792 2456 906 eximebatque

108 895 797 1005 Kb‘nigsmarchium
814 951 838 989 ,
861 897 1021 1005 jam
1058 896 1936 1007 Campi-Marcsfchall'um
1971 907 2052 979 &
2072 907 2458 989 exercitus

106 1008 434 1089 Ducem
455 1067 476 1098 ‚
506 1006 817 1113 longius
849 1008 947 1089 ab
969 1038 1242 1090 eorum
1262 1040 1595 1091 numero
1613 1070 1635 1099 ‚
1665 1013 1804 1121 qui
1822 1015 2051 1093 etiam
2073 1014 2458 1104 minorem

106 1116 572 1227 dignitatem
589 1120 1039 1227 importuna
1054 1118 1334 1201 frontis
1351 1121 1766 1204 severitate
1783 1143 2307 1233 corrumpunt
2325 1185 2348 1216 ,
2373 1156 2460 1208 ac

105 1229 435 1341 perinde
464 1233 840 1339 imperare
875 1227 1129 1312 solent
1150 1291 1171 1323 ,
1206 1231 1413 1343 quafi
1447 1260 1855 1342 nunquam
1877 1232 2319 1318 didicissent
2339 1267 2462 1348 pa·-

105 1370 290 1423 rere.
350 1336 876 1422 Tumidiffimi
893 1340 1197 1449 spiritus
1217 1343 1517 1426 vibices
1535 1347 1959 1429 &maculae
1977 1405 2001 1436 ‚
2032 1375 2198 1429 non
2223 1350 2462 1430 homi-

106 1482 245 1535 nes
263 1451 627 1554 humani3
664 1479 865 1560 quos
884 1511 907 1541 ‚
937 1454 1239 1535 deleblat
1247 1453 1608 1563 superbiae
1618 1456 1783 1562 suae
1811 1463 2094 1567 longum
2103 1459 2464 1568 spesi‘acu-

103 1571 258 1647 lum
273 1622 300 1658 ,
336 1562 1336 1678 minusquesejudicantpff
1347 1625 1375 1662 ,
1395 1570 1531 1674 nist
1544 1572 1668 1651 diu
1677 1574 2464 1683 multumquestngulis,

98 1680 591 1790 quidpoſjint,
627 1679 1006 1791 ostendant.
1080 1678 1494 1773 Ostendit,
1539 1681 1791 1765 sermo
1822 1685 1980 1797 ipse
2013 1685 2297 1767 Herois
2326 1716 2464 1768 noa

104 1793 277 1886 stri,
315 1821 485 1873 non
520 1789 1098 1882 calamistratus,
1130 1812 1264 1873 aut
1295 1793 1730 1904 phaleratus
1760 1794 1888 1878 ille
1927 1796 2295 1907 quidem,
2332 1798 2466 1879 sed

105 1904 386 1994 virilis,
421 1903 553 1984 sed
587 1902 927 1984 militaris
946 1933 973 2008 3
1011 1932 1218 2015 quo,
1255 1923 1568 1988 tantum
1597 1911 1910 2019 potuit,
1944 1929 2034 1990 ut
2056 1938 2154 1992 ex
2175 1939 2341 1992 uno
2358 1906 2467 1991 di-

105 2020 359 2102 centis
375 2044 535 2106 ore,
551 2013 860 2126 placide
877 2014 1266 2126 penderet
1282 2019 1569 2129 vulgus
1587 2028 1671 2101 &
1687 2020 2094 2102 Exercitus
2116 2054 2131 2103 :
2152 2041 2306 2105 tam
2325 2020 2467 2102 fer-

105 2156 351 2219 Vens,
408 2147 500 2209 ut
532 2130 671 2210 Vix
704 2127 786 2208 in
823 2125 1170 2209 dicendo
1202 2130 1458 2242 aliqua
1493 2132 1971 2241 respirationi
1991 2135 2211 2243 quies
2235 2133 2464 2228 effet,

108 2270 293 2323 cum
323 2240 530 2321 hanc
563 2239 799 2350 ipsam
821 2268 1148 2351 quoque
1164 2241 1468 2352 plausus
1486 2244 1826 2323 militaris
1843 2244 2114 2354 saepius
2135 2273 2465 2355 occupa-

108 2370 244 2434 ret.
304 2351 536 2433 Nihil
571 2350 704 2432 ille
737 2349 920 2441 fibi,
953 2356 1185 2432 etiam
1204 2357 1286 2432 in
1308 2357 1652 2433 maximis
1668 2357 2031 2462 periculis
2051 2386 2220 2439 non
2241 2359 2467 2467 pollis

110 2463 474 2550 cebatur,
508 2461 701 2541 nihil
735 2490 905 2541 non
941 2462 1407 2569 impetrabat
1442 2462 1539 2543 ad
1576 2486 1860 2545 nutum
1881 2524 1904 2556 ‚
1938 2487 2098 2548 tam
2123 2470 2469 2553 militum

108 2576 409 2654 animos
426 2571 761 2655 habebat
776 2574 857 2652 in
875 2600 1052 2652 man
1065 2601 1109 2652 u
1132 2632 1152 2663 ,
1171 2601 1405 2684 quam
1422 2573 1715 2656 serrum
1731 2572 1956 2659 suum
1975 2608 2003 2681 3
2033 2600 2283 2689 utque
2302 2611 2466 2662 cor-

110 2684 436 2797 poribus
468 2681 798 2774 ferrum,
847 2713 1016 2765 non
1053 2685 1271 2765 aliter
1302 2689 1572 2767 animis
1608 2716 1774 2769 Vox
1806 2688 2008 2769 illius
2030 2749 2052 2780 ‚
2096 2718 2268 2772 non
2306 2693 2468 2775 istu

110 2797 387 2906 magis,
424 2823 661 2905 quam
693 2793 1085 2905 pondere,
1118 2824 1352 2906 quam
1385 2800 1544 2878 acie
1564 2857 1586 2888 ‚
1623 2803 1706 2879 &
1726 2798 1931 2910 quasi
1956 2829 2341 2886 mucrone
2362 2803 2468 2886 di-

114 2909 396 2989 &tionis
413 2967 435 2998 ,
468 2903 757 2989 eodem
779 2909 1151 3015 temporis
1170 2927 1586 2992 momento
1608 2967 1629 2999 ‚
1657 2930 1961 2993 metum
1980 2917 2470 3025 exprimebat

115 3026 200 3100 &
232 3048 595 3102 amorem.
673 3017 1064 3100 Monstrat
1082 3076 1108 3113 ,
1164 3022 1521 3103 Militum
1552 3022 1926 3115 alacritas,
1960 3025 2426 3137 quibuscum
2447 3084 2471 3122 ,

116 3159 286 3212 non
306 3158 540 3213 unam
557 3158 812 3213 arcem
831 3187 858 3224 ,
892 3130 1204 3213 Urbem
1222 3191 1241 3222 ‚
1266 3136 1755 3244 provinciam
1774 3197 1794 3227 ,
1812 3136 2225 3220 fortunatis
2243 3170 2470 3223 cona-

116 3261 391 3337 tuum,
427 3251 914 3326 &armorum
932 3242 1383 3328 succeffibus
1401 3251 1884 3357 expugnavit
1901 3280 1927 3354 3
1968 3270 2094 3331 tot
2117 3252 2371 3334 hostes
2386 3255 2471 3335 in

120 3356 438 3466 Campo
471 3353 678 3437 fudit
697 3416 719 3446 ,
749 3355 1084 3464 fugavit:
1121 3374 1250 3440 tot
1269 3360 1767 3445 vidtoriarum
1784 3362 2253 3449 felicissimos
2268 3387 2472 3449 retu··³

123 3464 216 3549 lit
237 3468 672 3579 triumphos
691 3528 712 3558 ‚

123 3619 129 3626 ·
495 3579 916 3691 Hastasque
933 3585 1384 3696 captivosque
1407 3618 1656 3670 cm‘rm

454 3711 457 3713 ’
610 3695 949 3783 Exuviis
963 3729 1352 3787 numerans
1371 3706 1643 3814 opina}⁸

1509 3818 1598 3900 H
2264 3803 2477 3903 indis
