2628 4190
1271 159 1409 264 28)

156 280 383 358 ritate
415 275 849 359 vindicant.
907 274 1022 355 Hi
1061 161 1261 380 quid
1303 272 1704 352 facerent?
1752 268 1806 350 fi
1840 298 1938 352 ex
1988 287 2118 351 tot
2166 271 2503 357 Solis-fa-

162 389 386 470 cibus
422 448 443 479 ,
506 416 672 469 uno
721 385 1258 467 irradiarentur
1305 385 1521 464 radio
1556 443 1576 473 ‚
1626 383 1785 462 hoc
1833 383 1984 473 est,
2038 380 2093 464 si
2144 413 2241 466 ex
2291 405 2505 470 tanta

162 502 1023 610 Kb‘m'gsmarchianomzm
1055 497 1448 604 gestorum
1484 495 1724 604 gloria
1742 551 1768 585 ,
1819 514 2119 603 partem
2151 495 2332 579 fasti
2365 503 2499 579 mi-

166 618 453 697 nimam
503 611 1004 720 occupaffent
1043 615 1073 691 Ρ
1129 609 1516 689 Attamen
1551 611 1635 688 in
1670 608 1814 686 hac
1849 608 2002 717 ipsa
2035 611 2326 691 Hero'is
2358 610 2507 692 for-

165 727 423 808 tiffimi
451 725 733 834 gloria,
790 722 985 834 quid
1033 751 1184 832 ego
1222 721 1324 801 de
1362 722 1660 802 Gloriae
1697 741 2175 832 contemptu
2200 722 2509 807 dicam?

167 867 400 950 quam
442 836 787 918 Macedo
821 837 1154 945 respuit,
1194 835 1616 944 Pompeius
1650 833 2026 925 nescivit,
2064 835 2320 917 Caesar
2338 867 2507 921 non

168 952 525 1033 curavit?
554 954 748 1060 qua,
784 971 874 1028 ut
910 948 1044 1026 ille
1083 975 1240 1055 prae
1273 947 1590 1056 reliquis
1626 948 1975 1058 dignior,
2024 945 2125 1029 fic
2164 947 2509 1060 ejusdem

166 1064 692 1172 negligentior
726 1059 927 1169 saepe
960 1059 1154 1150 fuit,
1194 1069 1279 1140 ὃς
1324 1060 1627 1170 semper
1662 1063 1899 1170 magis
1939 1090 2219 1172 capax,
2270 1067 2512 1173 quam

164 1175 460 1258 avidus,
516 1175 1022 1282 Qamquam
1056 1172 1340 1253 bellica
1365 1172 1644 1281 gloria,
1683 1203 1869 1256 cum
1888 1175 2040 1258 sese
2058 1177 2142 1256 in
2160 1178 2510 1260 animum

163 1288 438 1373 intulit
457 1343 482 1380 2
519 1315 687 1366 non
706 1306 858 1365 tam
901 1285 1184 1394 implet
1202 1289 1685 1394 cogitatione
1715 1287 2204 1372 fortitudinis
2223 1349 2245 1379 ‚
2273 1293 2513 1399 quam

163 1399 387 1485 inflat
423 1399 854 1510 cupiditate
907 1399 1229 1478 honoris
1270 1427 1358 1479 ac
1392 1398 1828 1508 dignitatis:
1887 1401 2177 1494 fateor,
2209 1403 2342 1485 sed
2377 1432 2513 1485 eos

58 1566 61 1572 ·
164 1512 460 1625 nempe
485 1572 507 1604 ,
541 1514 677 1622 qui
695 1510 952 1593 solent
981 1512 1247 1594 Ventis
1268 1511 1603 1621 jaculari.
1662 1515 1969 1597 Verum
2032 1516 2151 1625 Jo
2175 1545 2230 1599 A
2249 1545 2311 1598 N
2331 1516 2459 1600 NE
2478 1547 2514 1599 s

168 1631 1072 1717 CHRISTOPHORUS
1145 1624 1789 1709 KoNIGsMAR
1815 1656 2123 1709 onius
2213 1629 2516 1714 nullam

163 1724 588 1851 aliquando
611 1741 958 1848 captavit
977 1765 1230 1820 auram
1249 1797 1270 1828 ,
1291 1736 1428 1820 nisi
1457 1768 1693 1849 quam
1710 1741 2004 1821 hostilis
2040 1742 2386 1853 pulveris
2405 1748 2516 1826 nia.

110 1871 116 1879 ’
168 1851 317 1934 dor
372 1851 682 1933 fumoso
717 1855 1024 1963 impetu
1064 1853 1536 1965 corrupisset.
1584 1853 1817 1939 Nihil
1839 1853 1934 1938 ad
1952 1859 2345 1966 propriam
2365 1886 2526 1941 am-

165 1966 557 2048 bitionem
577 2025 599 2056 ,
634 1966 764 2048 sed
785 1966 881 2047 ad
905 1968 1301 2078 publicam
1333 1971 1756 2053 utilitatem
1792 1972 2058 2053 omnia
2088 1969 2517 2078 referebat3

169 2079 605 2190 maluitque
626 2108 895 2191 magna
912 2081 1207 2174 facere,
1241 2086 1479 2193 quam
1514 2113 1839 2195 magnus
1857 2082 2133 2167 videri.
2193 2084 2353 2166 Sed
2382 2086 2525 2172 ista

169 2194 281 2274 est
303 2195 858 2278 AEtematurae
878 2197 1145 2275 Gloriae
1158 2217 1448 2289 natura,
1469 2217 1560 2280 ut
1577 2197 1999 2283 volentem
2019 2198 2096 2281 se
2112 2197 2383 2308 fugiat,
2402 2197 2519 2279 fu-

168 2310 521 2417 gientem
542 2308 917 2419 sequatur.
979 2309 1157 2400 Illa,
1187 2310 1315 2393 illa
1353 2312 1731 2394 excelsam
1751 2310 1836 2394 K
1856 2320 1906 2391 o
1925 2336 2074 2384 N1G
2091 2336 2120 2384 s
2135 2336 2193 2386 M
2208 2338 2374 2387 ΛΚΕ
2397 2339 2534 2389 ΗΠ

171 2443 527 2504 mentem
548 2426 630 2501 in
659 2424 954 2533 Magno
974 2424 1266 2505 Senatu
1286 2426 1570 2534 Regni,
1591 2429 2089 2537 Ducumque
2107 2424 2521 2508 Exercitus

168 2534 403 2644 Regii
422 2535 803 2615 Conseffu
824 2595 845 2625 ‚
882 2538 1086 2644 prius
1104 2537 1389 2618 extulit
1405 2597 1428 2626 ,
1447 2542 1684 2648 quam
1700 2538 1858 2649 ipse
1876 2540 2340 2620 meritorum
2355 2537 2521 2619 suo-

169 2676 346 2730 rum
364 2650 679 2756 gratiam
698 2652 964 2757 potuit
992 2676 1284 2758 rogare,
1303 2668 1437 2730 aut
1464 2650 1731 2733 voluit
1763 2650 2137 2733 meditari.
2213 2650 2348 2732 Illa
2365 2649 2520 2731 sola

172 2761 441 2841 effecit
457 2821 479 2851 ,
498 2780 589 2843 ut
608 2764 844 2842 animi
860 2761 1462 2844 immenfitatem
1483 2766 1842 2846 omnium
1863 2791 2228 2874 capacem
2243 2820 2264 2851 ,
2284 2765 2521 2846 etiam

177 2873 400 2956 Coeli
418 2903 446 2978 3
474 2873 948 2984 potiffimum
966 2878 1049 2957 in
1071 2877 1376 2958 summo
1400 2876 2177 2986 Campi-Marqfchalli
2191 2903 2521 2957 munere

180 3008 580 3069 exerceret
596 3048 617 3080 ‚
638 3008 875 3100 atque
894 2994 1180 3099 regiam
1198 2991 1577 3075 Nominis
1594 2992 1705 3074 sui
1723 2991 2000 3072 famam
2019 2988 2522 3097 Imperatoria

183 3099 560 3207 dignitate
593 3103 964 3185 redderet
999 3103 1579 3187 illustriffimam.
1634 3105 1762 3186 Ut
1777 3102 1927 3184 sese
1947 3100 2288 3211 gesserit,
2323 3101 2518 3184 dum

184 3241 331 3322 ego
364 3219 626 3325 paucis
647 3218 960 3327 explico
980 3277 1001 3307 ‚
1036 3218 1138 3298 de
1157 3246 1327 3298 mea
1342 3217 1519 3300 sane
1550 3214 1874 3299 dicendi
1903 3217 2290 3296 tenuitate
2327 3213 2518 3296 diffi-

184 3327 490 3419 derem,
551 3327 688 3410 nifi
719 3359 876 3439 prae
921 3331 1276 3413 manibus
1322 3331 1689 3414 haberem
1735 3330 2518 3436 Kb'm'gsmarchianam

182 3442 417 3519 animi
448 3442 1044 3546 fortitudinem3
1095 3445 1316 3553 cujus
1345 3446 1749 3556 proprium
1785 3442 1933 3532 est,
1979 3440 2467 3522 debilitatem
2492 3500 2514 3534 ‚

187 3579 348 3633 non
373 3555 656 3636 virium
677 3557 909 3664 magis
927 3616 947 3645 ,
968 3560 1200 3665 quam
1219 3559 1711 3665 ingeniorum
1735 3559 2023 3664 erigere
2043 3614 2064 3644 ‚
2090 3572 2326 3663 atque
2358 3554 2517 3664 ple-

183 3692 362 3744 nam
383 3666 731 3747 vicPtoriae
749 3667 1112 3752 fiduciam
1134 3728 1155 3757 ,
1174 3668 1845 3780 quemadmodum
1880 3670 2098 3748 armis
2116 3725 2137 3755 ,
2168 3669 2274 3747 ita
2305 3668 2516 3748 Lite-

184 3779 282 3857 ris
300 3775 678 3865 instillare.
736 3780 986 3863 Gessit
1004 3809 1190 3892 ergo
1208 3782 1308 3872 se,
1333 3783 1416 3863 in
1438 3808 1661 3867 novo
1683 3781 2317 3889 Campi-Dufforis
2353 3805 2515 3857 mu-

2325 3917 2514 3976 nere
