<?xml version="1.0" encoding="UTF-8"?>
<!DOCTYPE html PUBLIC "-//W3C//DTD XHTML 1.0 Transitional//EN"
    "http://www.w3.org/TR/xhtml1/DTD/xhtml1-transitional.dtd">
<html xmlns="http://www.w3.org/1999/xhtml" xml:lang="en" lang="en">
 <head>
  <title>
</title>
<meta http-equiv="Content-Type" content="text/html;charset=utf-8" />
  <meta name='ocr-system' content='tesseract 3.04.00' />
  <meta name='ocr-capabilities' content='ocr_page ocr_carea ocr_par ocr_line ocrx_word'/>
</head>
<body>
  <div class='ocr_page' id='page_1' title='image "./panegyricusaeter00torq_0029.png"; bbox 0 0 2628 4190; ppageno 0'>
   <div class='ocr_carea' id='block_1_1' title="bbox 74 89 2474 3870">
    <p class='ocr_par' dir='ltr' id='par_1_1' title="bbox 74 89 2474 3870">
     <span class='ocr_line' id='line_1_1' title="bbox 1171 89 1384 194; baseline 0 -2"><span class='ocrx_word' id='word_1_1' title='bbox 1171 89 1204 193; x_wconf 82' lang='lat'>(</span> <span class='ocrx_word' id='word_1_2' title='bbox 1239 118 1261 167; x_wconf 90' lang='lat'>1</span> <span class='ocrx_word' id='word_1_3' title='bbox 1285 115 1326 190; x_wconf 91' lang='lat'><strong><em>7</em></strong></span> <span class='ocrx_word' id='word_1_4' title='bbox 1353 89 1384 194; x_wconf 77' lang='grc'>&gt;</span> 
     </span>
     <span class='ocr_line' id='line_1_2' title="bbox 100 208 2451 325; baseline -0.003 -22"><span class='ocrx_word' id='word_1_5' title='bbox 100 220 290 309; x_wconf 89' lang='lat' dir='ltr'><strong>fuit,</strong></span> <span class='ocrx_word' id='word_1_6' title='bbox 323 220 422 298; x_wconf 82' lang='lat' dir='ltr'><strong>eo</strong></span> <span class='ocrx_word' id='word_1_7' title='bbox 451 217 690 325; x_wconf 91' lang='lat' dir='ltr'><strong>usque</strong></span> <span class='ocrx_word' id='word_1_8' title='bbox 707 211 1041 322; x_wconf 86' lang='lat' dir='ltr'><strong>speciem</strong></span> <span class='ocrx_word' id='word_1_9' title='bbox 1075 214 1416 294; x_wconf 87' lang='lat' dir='ltr'><strong>militaris</strong></span> <span class='ocrx_word' id='word_1_10' title='bbox 1446 211 1829 294; x_wconf 81' lang='lat' dir='ltr'>facultatis</span> <span class='ocrx_word' id='word_1_11' title='bbox 1847 210 2101 293; x_wconf 82' lang='lat' dir='ltr'><strong>omisit</strong></span> <span class='ocrx_word' id='word_1_12' title='bbox 2120 208 2408 296; x_wconf 86' lang='lat' dir='ltr'><strong>nullam</strong></span> <span class='ocrx_word' id='word_1_13' title='bbox 2430 272 2451 305; x_wconf 83' lang='lat'>‚</span> 
     </span>
     <span class='ocr_line' id='line_1_3' title="bbox 103 324 2453 443; baseline -0.002 -33"><span class='ocrx_word' id='word_1_14' title='bbox 103 359 334 443; x_wconf 89' lang='lat' dir='ltr'><strong>quam</strong></span> <span class='ocrx_word' id='word_1_15' title='bbox 357 327 494 412; x_wconf 88' lang='lat' dir='ltr'><strong>fibi</strong></span> <span class='ocrx_word' id='word_1_16' title='bbox 509 324 958 405; x_wconf 82' lang='lat' dir='ltr'><strong>familiarem</strong></span> <span class='ocrx_word' id='word_1_17' title='bbox 980 353 1145 404; x_wconf 89' lang='lat' dir='ltr'><strong>non</strong></span> <span class='ocrx_word' id='word_1_18' title='bbox 1164 324 1438 405; x_wconf 86' lang='lat' dir='ltr'><strong>feeerit</strong></span> <span class='ocrx_word' id='word_1_19' title='bbox 1455 353 1541 405; x_wconf 85' lang='lat' dir='ltr'><strong>ae</strong></span> <span class='ocrx_word' id='word_1_20' title='bbox 1561 324 1968 434; x_wconf 82' lang='lat' dir='ltr'>propriam.</span> <span class='ocrx_word' id='word_1_21' title='bbox 2024 325 2237 405; x_wconf 86' lang='lat' dir='ltr'><strong>Nam</strong></span> <span class='ocrx_word' id='word_1_22' title='bbox 2256 326 2307 405; x_wconf 87' lang='lat' dir='ltr'>fi</span> <span class='ocrx_word' id='word_1_23' title='bbox 2326 356 2453 436; x_wconf 90' lang='lat' dir='ltr'><strong>pe-</strong></span> 
     </span>
     <span class='ocr_line' id='line_1_4' title="bbox 105 433 2458 545; baseline -0.002 -22"><span class='ocrx_word' id='word_1_24' title='bbox 105 443 368 523; x_wconf 90' lang='lat' dir='ltr'><strong>destris</strong></span> <span class='ocrx_word' id='word_1_25' title='bbox 388 438 684 524; x_wconf 83' lang='lat' dir='ltr'><strong>militiae</strong></span> <span class='ocrx_word' id='word_1_26' title='bbox 702 436 1049 518; x_wconf 82' lang='lat' dir='ltr'><strong>officium</strong></span> <span class='ocrx_word' id='word_1_27' title='bbox 1069 435 1114 514; x_wconf 93' lang='lat' dir='ltr'><strong>s</strong></span> <span class='ocrx_word' id='word_1_28' title='bbox 1097 436 1385 545; x_wconf 55' lang='lat' dir='ltr'><strong>pestes,</strong></span> <span class='ocrx_word' id='word_1_29' title='bbox 1402 435 1587 517; x_wconf 85' lang='lat' dir='ltr'><strong>hine</strong></span> <span class='ocrx_word' id='word_1_30' title='bbox 1603 437 1846 544; x_wconf 90' lang='lat' dir='ltr'><strong>prima</strong></span> <span class='ocrx_word' id='word_1_31' title='bbox 1863 433 2087 514; x_wconf 80' lang='lat' dir='ltr'><strong>duxit</strong></span> <span class='ocrx_word' id='word_1_32' title='bbox 2107 439 2458 518; x_wconf 80' lang='lat' dir='ltr'><strong>maximae</strong></span> 
     </span>
     <span class='ocr_line' id='line_1_5' title="bbox 107 551 2455 661; baseline -0.002 -31"><span class='ocrx_word' id='word_1_33' title='bbox 107 552 607 661; x_wconf 78' lang='lat' dir='ltr'><strong>experientiae</strong></span> <span class='ocrx_word' id='word_1_34' title='bbox 625 566 1108 637; x_wconf 86' lang='lat' dir='ltr'><strong>ornamenta,</strong></span> <span class='ocrx_word' id='word_1_35' title='bbox 1126 568 1216 628; x_wconf 93' lang='lat' dir='ltr'><strong>ut</strong></span> <span class='ocrx_word' id='word_1_36' title='bbox 1234 565 1795 628; x_wconf 88' lang='lat' dir='ltr'><strong>coronamenta</strong></span> <span class='ocrx_word' id='word_1_37' title='bbox 1814 574 2137 657; x_wconf 92' lang='lat' dir='ltr'><strong>quoque</strong></span> <span class='ocrx_word' id='word_1_38' title='bbox 2156 551 2295 657; x_wconf 91' lang='lat' dir='ltr'><strong>maj</strong></span> <span class='ocrx_word' id='word_1_39' title='bbox 2307 551 2455 628; x_wconf 82' lang='lat' dir='ltr'><strong>oris</strong></span> 
     </span>
     <span class='ocr_line' id='line_1_6' title="bbox 103 657 2458 770; baseline -0.004 -22"><span class='ocrx_word' id='word_1_40' title='bbox 103 662 292 748; x_wconf 74' lang='lat' dir='ltr'><strong>inde</strong></span> <span class='ocrx_word' id='word_1_41' title='bbox 309 665 698 770; x_wconf 85' lang='lat' dir='ltr'><strong>acciperet</strong></span> <span class='ocrx_word' id='word_1_42' title='bbox 719 657 1129 767; x_wconf 78' lang='lat' dir='ltr'><strong>dignitatis.</strong></span> <span class='ocrx_word' id='word_1_43' title='bbox 1187 660 1564 770; x_wconf 88' lang='lat' dir='ltr'><strong>Equestre</strong></span> <span class='ocrx_word' id='word_1_44' title='bbox 1582 677 1844 739; x_wconf 90' lang='lat' dir='ltr'><strong>autem</strong></span> <span class='ocrx_word' id='word_1_45' title='bbox 1864 686 2146 739; x_wconf 91' lang='lat' dir='ltr'><strong>munus</strong></span> <span class='ocrx_word' id='word_1_46' title='bbox 2164 688 2332 740; x_wconf 90' lang='lat' dir='ltr'><strong>non</strong></span> <span class='ocrx_word' id='word_1_47' title='bbox 2350 689 2458 740; x_wconf 89' lang='lat' dir='ltr'><strong>re-</strong></span> 
     </span>
     <span class='ocr_line' id='line_1_7' title="bbox 102 766 2463 882; baseline -0.003 -24"><span class='ocrx_word' id='word_1_48' title='bbox 102 778 288 858; x_wconf 85' lang='lat' dir='ltr'><strong>fero.</strong></span> <span class='ocrx_word' id='word_1_49' title='bbox 349 772 780 882; x_wconf 86' lang='lat' dir='ltr'><strong>Qisenim</strong></span> <span class='ocrx_word' id='word_1_50' title='bbox 798 774 879 852; x_wconf 91' lang='lat' dir='ltr'><strong>in</strong></span> <span class='ocrx_word' id='word_1_51' title='bbox 897 768 1329 882; x_wconf 82' lang='lat' dir='ltr'><strong>equitando</strong></span> <span class='ocrx_word' id='word_1_52' title='bbox 1349 770 1643 852; x_wconf 90' lang='lat' dir='ltr'><strong>firmior</strong></span> <span class='ocrx_word' id='word_1_53' title='bbox 1660 829 1680 860; x_wconf 87' lang='lat'>‚</span> <span class='ocrx_word' id='word_1_54' title='bbox 1717 771 1795 848; x_wconf 91' lang='lat' dir='ltr'><strong>in</strong></span> <span class='ocrx_word' id='word_1_55' title='bbox 1823 766 2320 856; x_wconf 83' lang='lat' dir='ltr'><strong>decurrendo</strong></span> <span class='ocrx_word' id='word_1_56' title='bbox 2333 800 2463 852; x_wconf 84' lang='lat' dir='ltr'><strong>Ve-</strong></span> 
     </span>
     <span class='ocr_line' id='line_1_8' title="bbox 108 880 2462 992; baseline -0.003 -23"><span class='ocrx_word' id='word_1_57' title='bbox 108 890 575 975; x_wconf 89' lang='lat' dir='ltr'><strong>hementior‚</strong></span> <span class='ocrx_word' id='word_1_58' title='bbox 594 888 672 964; x_wconf 91' lang='lat' dir='ltr'><strong>in</strong></span> <span class='ocrx_word' id='word_1_59' title='bbox 694 881 1112 965; x_wconf 87' lang='lat' dir='ltr'><strong>infistendo</strong></span> <span class='ocrx_word' id='word_1_60' title='bbox 1131 881 1477 963; x_wconf 87' lang='lat' dir='ltr'><strong>solidior?</strong></span> <span class='ocrx_word' id='word_1_61' title='bbox 1496 880 1756 970; x_wconf 77' lang='lat' dir='ltr'><strong>Plane,</strong></span> <span class='ocrx_word' id='word_1_62' title='bbox 1782 881 1878 960; x_wconf 90' lang='lat' dir='ltr'><strong>ab</strong></span> <span class='ocrx_word' id='word_1_63' title='bbox 1901 880 2259 963; x_wconf 80' lang='lat' dir='ltr'><strong>Heroicis</strong></span> <span class='ocrx_word' id='word_1_64' title='bbox 2280 911 2462 992; x_wconf 90' lang='lat' dir='ltr'><strong>pue-</strong></span> 
     </span>
     <span class='ocr_line' id='line_1_9' title="bbox 104 992 2459 1106; baseline -0.004 -25"><span class='ocrx_word' id='word_1_65' title='bbox 104 1002 297 1081; x_wconf 83' lang='lat' dir='ltr'><strong>ritiae</strong></span> <span class='ocrx_word' id='word_1_66' title='bbox 318 993 780 1077; x_wconf 80' lang='lat' dir='ltr'><strong>rudimentis</strong></span> <span class='ocrx_word' id='word_1_67' title='bbox 804 1056 823 1085; x_wconf 87' lang='lat'>‚</span> <span class='ocrx_word' id='word_1_68' title='bbox 848 992 1204 1106; x_wconf 78' lang='lat' dir='ltr'><strong>(quando</strong></span> <span class='ocrx_word' id='word_1_69' title='bbox 1238 995 1722 1103; x_wconf 63' lang='lat' dir='ltr'><strong>praecipuum</strong></span> <span class='ocrx_word' id='word_1_70' title='bbox 1755 993 2042 1101; x_wconf 87' lang='lat' dir='ltr'><strong>ingenii</strong></span> <span class='ocrx_word' id='word_1_71' title='bbox 2062 1019 2459 1097; x_wconf 89' lang='lat' dir='ltr'><strong>argumen-</strong></span> 
     </span>
     <span class='ocr_line' id='line_1_10' title="bbox 105 1103 2464 1218; baseline -0.004 -25"><span class='ocrx_word' id='word_1_72' title='bbox 105 1138 278 1193; x_wconf 88' lang='lat' dir='ltr'><strong>tum</strong></span> <span class='ocrx_word' id='word_1_73' title='bbox 317 1111 398 1189; x_wconf 92' lang='lat' dir='ltr'><strong>in</strong></span> <span class='ocrx_word' id='word_1_74' title='bbox 423 1110 675 1218; x_wconf 87' lang='lat' dir='ltr'><strong>parvis</strong></span> <span class='ocrx_word' id='word_1_75' title='bbox 694 1110 1191 1195; x_wconf 77' lang='lat' dir='ltr'><strong>‚exercitium</strong></span> <span class='ocrx_word' id='word_1_76' title='bbox 1208 1106 1394 1210; x_wconf 80' lang='lat' dir='ltr'><strong>est‚)</strong></span> <span class='ocrx_word' id='word_1_77' title='bbox 1423 1103 1862 1185; x_wconf 88' lang='lat' dir='ltr'><strong>Heroieum</strong></span> <span class='ocrx_word' id='word_1_78' title='bbox 1892 1104 2286 1212; x_wconf 87' lang='lat' dir='ltr'><strong>Equestris</strong></span> <span class='ocrx_word' id='word_1_79' title='bbox 2320 1105 2464 1184; x_wconf 88' lang='lat' dir='ltr'><strong>Or-</strong></span> 
     </span>
     <span class='ocr_line' id='line_1_11' title="bbox 109 1213 2464 1327; baseline -0.005 -22"><span class='ocrx_word' id='word_1_80' title='bbox 109 1225 309 1305; x_wconf 81' lang='lat' dir='ltr'><strong>dinis</strong></span> <span class='ocrx_word' id='word_1_81' title='bbox 327 1250 511 1301; x_wconf 87' lang='lat' dir='ltr'><strong>cum</strong></span> <span class='ocrx_word' id='word_1_82' title='bbox 545 1215 920 1327; x_wconf 87' lang='lat' dir='ltr'><strong>dignitate</strong></span> <span class='ocrx_word' id='word_1_83' title='bbox 943 1214 1314 1297; x_wconf 84' lang='lat' dir='ltr'><strong>affecutus</strong></span> <span class='ocrx_word' id='word_1_84' title='bbox 1332 1216 1443 1297; x_wconf 93' lang='lat' dir='ltr'><strong>est</strong></span> <span class='ocrx_word' id='word_1_85' title='bbox 1460 1217 1968 1325; x_wconf 64' lang='lat' dir='ltr'><strong>praeconium.</strong></span> <span class='ocrx_word' id='word_1_86' title='bbox 2001 1214 2257 1295; x_wconf 88' lang='lat' dir='ltr'><strong>Pollet</strong></span> <span class='ocrx_word' id='word_1_87' title='bbox 2283 1213 2464 1296; x_wconf 87' lang='lat' dir='ltr'><strong>alius</strong></span> 
     </span>
     <span class='ocr_line' id='line_1_12' title="bbox 107 1322 2463 1435; baseline -0.006 -16"><span class='ocrx_word' id='word_1_88' title='bbox 107 1335 438 1422; x_wconf 81' lang='lat' dir='ltr'><strong>Viribus,</strong></span> <span class='ocrx_word' id='word_1_89' title='bbox 472 1328 657 1410; x_wconf 88' lang='lat' dir='ltr'><strong>alius</strong></span> <span class='ocrx_word' id='word_1_90' title='bbox 675 1331 997 1435; x_wconf 87' lang='lat' dir='ltr'><strong>ingenio</strong></span> <span class='ocrx_word' id='word_1_91' title='bbox 1014 1358 1040 1432; x_wconf 80' lang='lat'>3</span> <span class='ocrx_word' id='word_1_92' title='bbox 1075 1327 1286 1410; x_wconf 80' lang='lat' dir='ltr'><strong>Valet</strong></span> <span class='ocrx_word' id='word_1_93' title='bbox 1318 1329 1504 1409; x_wconf 91' lang='lat' dir='ltr'><strong>alius</strong></span> <span class='ocrx_word' id='word_1_94' title='bbox 1524 1329 1862 1408; x_wconf 89' lang='lat' dir='ltr'><strong>humeris</strong></span> <span class='ocrx_word' id='word_1_95' title='bbox 1895 1322 1992 1406; x_wconf 89' lang='lat' dir='ltr'><strong>ad</strong></span> <span class='ocrx_word' id='word_1_96' title='bbox 2023 1324 2463 1416; x_wconf 88' lang='lat' dir='ltr'><strong>ferendum,</strong></span> 
     </span>
     <span class='ocr_line' id='line_1_13' title="bbox 109 1436 2468 1550; baseline -0.004 -21"><span class='ocrx_word' id='word_1_97' title='bbox 109 1448 294 1529; x_wconf 86' lang='lat' dir='ltr'><strong>alius</strong></span> <span class='ocrx_word' id='word_1_98' title='bbox 313 1442 668 1524; x_wconf 88' lang='lat' dir='ltr'><strong>manibus</strong></span> <span class='ocrx_word' id='word_1_99' title='bbox 687 1438 782 1522; x_wconf 84' lang='lat' dir='ltr'><strong>ad</strong></span> <span class='ocrx_word' id='word_1_100' title='bbox 800 1438 1346 1550; x_wconf 78' lang='lat' dir='ltr'><strong>pugnandum3</strong></span> <span class='ocrx_word' id='word_1_101' title='bbox 1369 1442 1479 1522; x_wconf 90' lang='lat' dir='ltr'><strong>est</strong></span> <span class='ocrx_word' id='word_1_102' title='bbox 1498 1501 1518 1531; x_wconf 85' lang='lat'>‚</span> <span class='ocrx_word' id='word_1_103' title='bbox 1538 1443 1674 1550; x_wconf 88' lang='lat' dir='ltr'><strong>qui</strong></span> <span class='ocrx_word' id='word_1_104' title='bbox 1695 1437 2011 1520; x_wconf 85' lang='lat' dir='ltr'><strong>excellit</strong></span> <span class='ocrx_word' id='word_1_105' title='bbox 2029 1440 2107 1517; x_wconf 88' lang='lat' dir='ltr'><strong>in</strong></span> <span class='ocrx_word' id='word_1_106' title='bbox 2133 1436 2468 1548; x_wconf 87' lang='lat' dir='ltr'><strong>pedestri</strong></span> 
     </span>
     <span class='ocr_line' id='line_1_14' title="bbox 110 1547 2468 1744; baseline -0.004 -104"><span class='ocrx_word' id='word_1_107' title='bbox 110 1557 390 1640; x_wconf 87' lang='lat' dir='ltr'><strong>ordine</strong></span> <span class='ocrx_word' id='word_1_108' title='bbox 412 1614 434 1648; x_wconf 84' lang='grc'>,</span> <span class='ocrx_word' id='word_1_109' title='bbox 453 1551 549 1635; x_wconf 89' lang='lat' dir='ltr'><strong>ad</strong></span> <span class='ocrx_word' id='word_1_110' title='bbox 571 1555 1011 1744; x_wconf 63' lang='lat' dir='ltr'><strong>equestrem</strong></span> <span class='ocrx_word' id='word_1_111' title='bbox 1032 1550 1438 1661; x_wconf 87' lang='lat' dir='ltr'><strong>torpescit:</strong></span> <span class='ocrx_word' id='word_1_112' title='bbox 1474 1555 1836 1662; x_wconf 89' lang='lat' dir='ltr'><strong>equitant</strong></span> <span class='ocrx_word' id='word_1_113' title='bbox 1857 1550 2016 1637; x_wconf 84' lang='lat' dir='ltr'><strong>alii,</strong></span> <span class='ocrx_word' id='word_1_114' title='bbox 2057 1547 2186 1630; x_wconf 90' lang='lat' dir='ltr'><strong>sed</strong></span> <span class='ocrx_word' id='word_1_115' title='bbox 2204 1550 2468 1633; x_wconf 88' lang='lat' dir='ltr'><strong>ambu-</strong></span> 
     </span>
     <span class='ocr_line' id='line_1_15' title="bbox 109 1663 2468 1774; baseline -0.007 -22"><span class='ocrx_word' id='word_1_116' title='bbox 109 1675 260 1752; x_wconf 89' lang='lat' dir='ltr'><strong>lare</strong></span> <span class='ocrx_word' id='word_1_117' title='bbox 280 1665 600 1749; x_wconf 75' lang='lat' dir='ltr'><strong>minime</strong></span> <span class='ocrx_word' id='word_1_118' title='bbox 680 1663 1086 1745; x_wconf 84' lang='lat' dir='ltr'><strong>idicerunt.</strong></span> <span class='ocrx_word' id='word_1_119' title='bbox 1151 1665 1484 1774; x_wconf 80' lang='lat' dir='ltr'><strong>Ubique</strong></span> <span class='ocrx_word' id='word_1_120' title='bbox 1530 1667 1569 1772; x_wconf 91' lang='lat' dir='ltr'><strong>J</strong></span> <span class='ocrx_word' id='word_1_121' title='bbox 1595 1697 1643 1742; x_wconf 95' lang='lat' dir='ltr'><strong>o</strong></span> <span class='ocrx_word' id='word_1_122' title='bbox 1665 1698 1708 1743; x_wconf 88' lang='lat' dir='ltr'><strong>H</strong></span> <span class='ocrx_word' id='word_1_123' title='bbox 1727 1697 1766 1742; x_wconf 82' lang='lat' dir='ltr'><strong>A</strong></span> <span class='ocrx_word' id='word_1_124' title='bbox 1781 1696 1826 1742; x_wconf 87' lang='lat' dir='ltr'>N</span> <span class='ocrx_word' id='word_1_125' title='bbox 1842 1695 1886 1741; x_wconf 83' lang='lat' dir='ltr'>N</span> <span class='ocrx_word' id='word_1_126' title='bbox 1903 1695 1942 1740; x_wconf 82' lang='lat' dir='ltr'>E</span> <span class='ocrx_word' id='word_1_127' title='bbox 1959 1693 1984 1737; x_wconf 83' lang='lat' dir='ltr'><strong>s</strong></span> <span class='ocrx_word' id='word_1_128' title='bbox 2045 1663 2122 1743; x_wconf 88' lang='lat' dir='ltr'>C</span> <span class='ocrx_word' id='word_1_129' title='bbox 2144 1697 2279 1744; x_wconf 70' lang='lat' dir='ltr'><strong>Hm</strong></span> <span class='ocrx_word' id='word_1_130' title='bbox 2295 1695 2321 1740; x_wconf 85' lang='lat' dir='ltr'><strong>s</strong></span> <span class='ocrx_word' id='word_1_131' title='bbox 2336 1696 2381 1741; x_wconf 90' lang='lat' dir='ltr'>T</span> <span class='ocrx_word' id='word_1_132' title='bbox 2396 1695 2468 1744; x_wconf 83' lang='lat' dir='ltr'><strong>o-</strong></span> 
     </span>
     <span class='ocr_line' id='line_1_16' title="bbox 112 1769 2471 1887; baseline -0.004 -24"><span class='ocrx_word' id='word_1_133' title='bbox 112 1818 145 1863; x_wconf 87' lang='lat' dir='ltr'>P</span> <span class='ocrx_word' id='word_1_134' title='bbox 166 1813 432 1862; x_wconf 66' lang='lat' dir='ltr'><strong>Hostus</strong></span> <span class='ocrx_word' id='word_1_135' title='bbox 491 1778 644 1859; x_wconf 71' lang='lat' dir='ltr'><strong>Ko</strong></span> <span class='ocrx_word' id='word_1_136' title='bbox 664 1807 1277 1857; x_wconf 76' lang='lat' dir='ltr'><strong>NlosMARefflUs</strong></span> <span class='ocrx_word' id='word_1_137' title='bbox 1334 1776 1535 1857; x_wconf 84' lang='lat' dir='ltr'><strong>solus</strong></span> <span class='ocrx_word' id='word_1_138' title='bbox 1571 1769 2156 1887; x_wconf 87' lang='lat' dir='ltr'><strong>propemodum</strong></span> <span class='ocrx_word' id='word_1_139' title='bbox 2207 1777 2471 1855; x_wconf 85' lang='lat' dir='ltr'><strong>trium-</strong></span> 
     </span>
     <span class='ocr_line' id='line_1_17' title="bbox 112 1885 2469 2004; baseline -0.003 -33"><span class='ocrx_word' id='word_1_140' title='bbox 112 1891 419 2004; x_wconf 88' lang='lat' dir='ltr'><strong>phabat.</strong></span> <span class='ocrx_word' id='word_1_141' title='bbox 483 1885 781 2000; x_wconf 89' lang='lat' dir='ltr'><strong>Neque</strong></span> <span class='ocrx_word' id='word_1_142' title='bbox 799 1893 1009 1970; x_wconf 90' lang='lat' dir='ltr'><strong>enim</strong></span> <span class='ocrx_word' id='word_1_143' title='bbox 1031 1885 1385 1969; x_wconf 57' lang='lat' dir='ltr'><strong>addistus</strong></span> <span class='ocrx_word' id='word_1_144' title='bbox 1405 1891 1543 1969; x_wconf 90' lang='lat' dir='ltr'><strong>uni</strong></span> <span class='ocrx_word' id='word_1_145' title='bbox 1565 1890 1827 1998; x_wconf 87' lang='lat' dir='ltr'><strong>generi</strong></span> <span class='ocrx_word' id='word_1_146' title='bbox 1844 1885 1944 1966; x_wconf 82' lang='lat' dir='ltr'><strong>sie</strong></span> <span class='ocrx_word' id='word_1_147' title='bbox 1975 1885 2125 1965; x_wconf 92' lang='lat' dir='ltr'><strong>fuit</strong></span> <span class='ocrx_word' id='word_1_148' title='bbox 2143 1944 2166 1978; x_wconf 86' lang='grc'>,</span> <span class='ocrx_word' id='word_1_149' title='bbox 2191 1905 2280 1975; x_wconf 89' lang='lat' dir='ltr'><strong>ut</strong></span> <span class='ocrx_word' id='word_1_150' title='bbox 2315 1912 2469 1965; x_wconf 57' lang='lat' dir='ltr'><strong>coe*</strong></span> 
     </span>
     <span class='ocr_line' id='line_1_18' title="bbox 114 1997 2472 2108; baseline -0.004 -24"><span class='ocrx_word' id='word_1_151' title='bbox 114 2028 273 2084; x_wconf 89' lang='lat' dir='ltr'><strong>tera</strong></span> <span class='ocrx_word' id='word_1_152' title='bbox 289 2000 584 2082; x_wconf 82' lang='lat' dir='ltr'><strong>militiae</strong></span> <span class='ocrx_word' id='word_1_153' title='bbox 605 2021 1060 2082; x_wconf 90' lang='lat' dir='ltr'><strong>ornamenta</strong></span> <span class='ocrx_word' id='word_1_154' title='bbox 1081 2001 1508 2108; x_wconf 85' lang='lat' dir='ltr'><strong>negligeret</strong></span> <span class='ocrx_word' id='word_1_155' title='bbox 1531 2031 1545 2081; x_wconf 91' lang='lat'>:</span> <span class='ocrx_word' id='word_1_156' title='bbox 1567 2021 1698 2080; x_wconf 88' lang='lat' dir='ltr'><strong>aut</strong></span> <span class='ocrx_word' id='word_1_157' title='bbox 1717 1997 2085 2079; x_wconf 86' lang='lat' dir='ltr'><strong>omnibus</strong></span> <span class='ocrx_word' id='word_1_158' title='bbox 2102 1997 2202 2078; x_wconf 85' lang='lat' dir='ltr'><strong>fic</strong></span> <span class='ocrx_word' id='word_1_159' title='bbox 2220 1999 2472 2079; x_wconf 83' lang='lat' dir='ltr'><strong>inten-</strong></span> 
     </span>
     <span class='ocr_line' id='line_1_19' title="bbox 116 2105 2472 2222; baseline -0.002 -29"><span class='ocrx_word' id='word_1_160' title='bbox 116 2135 238 2195; x_wconf 88' lang='lat' dir='ltr'><strong>tus</strong></span> <span class='ocrx_word' id='word_1_161' title='bbox 261 2175 278 2205; x_wconf 89' lang='lat'>‚</span> <span class='ocrx_word' id='word_1_162' title='bbox 307 2135 396 2194; x_wconf 92' lang='lat' dir='ltr'><strong>ut</strong></span> <span class='ocrx_word' id='word_1_163' title='bbox 415 2111 722 2222; x_wconf 80' lang='lat' dir='ltr'><strong>singulis</strong></span> <span class='ocrx_word' id='word_1_164' title='bbox 741 2141 944 2194; x_wconf 84' lang='lat' dir='ltr'><strong>curae</strong></span> <span class='ocrx_word' id='word_1_165' title='bbox 968 2115 1223 2193; x_wconf 86' lang='lat' dir='ltr'><strong>minus</strong></span> <span class='ocrx_word' id='word_1_166' title='bbox 1257 2141 1344 2193; x_wconf 86' lang='lat' dir='ltr'><strong>ac</strong></span> <span class='ocrx_word' id='word_1_167' title='bbox 1368 2112 1646 2194; x_wconf 90' lang='lat' dir='ltr'><strong>laboris</strong></span> <span class='ocrx_word' id='word_1_168' title='bbox 1678 2105 2174 2219; x_wconf 87' lang='lat' dir='ltr'><strong>impenderet</strong></span> <span class='ocrx_word' id='word_1_169' title='bbox 2195 2169 2215 2199; x_wconf 83' lang='lat'>‚</span> <span class='ocrx_word' id='word_1_170' title='bbox 2249 2109 2472 2189; x_wconf 80' lang='lat' dir='ltr'><strong>famae</strong></span> 
     </span>
     <span class='ocr_line' id='line_1_20' title="bbox 117 2223 2472 2335; baseline -0.002 -29"><span class='ocrx_word' id='word_1_171' title='bbox 117 2229 371 2306; x_wconf 87' lang='lat' dir='ltr'><strong>minus</strong></span> <span class='ocrx_word' id='word_1_172' title='bbox 392 2245 524 2304; x_wconf 94' lang='lat' dir='ltr'><strong>aut</strong></span> <span class='ocrx_word' id='word_1_173' title='bbox 538 2225 804 2332; x_wconf 82' lang='lat' dir='ltr'><strong>gloriae</strong></span> <span class='ocrx_word' id='word_1_174' title='bbox 839 2244 1271 2335; x_wconf 88' lang='lat' dir='ltr'><strong>reportaret</strong></span> <span class='ocrx_word' id='word_1_175' title='bbox 1289 2229 1329 2305; x_wconf 78' lang='lat' dir='ltr'><strong>a</strong></span> <span class='ocrx_word' id='word_1_176' title='bbox 1362 2223 1686 2334; x_wconf 77' lang='lat' dir='ltr'><strong>lingulis,</strong></span> <span class='ocrx_word' id='word_1_177' title='bbox 1757 2227 2026 2301; x_wconf 84' lang='lat' dir='ltr'><strong>Omne</strong></span> <span class='ocrx_word' id='word_1_178' title='bbox 2062 2223 2245 2302; x_wconf 93' lang='lat' dir='ltr'><strong>tulit</strong></span> <span class='ocrx_word' id='word_1_179' title='bbox 2278 2249 2472 2331; x_wconf 88' lang='lat' dir='ltr'><strong>pun-</strong></span> 
     </span>
     <span class='ocr_line' id='line_1_21' title="bbox 123 2332 2472 2447; baseline -0.002 -31"><span class='ocrx_word' id='word_1_180' title='bbox 123 2337 337 2417; x_wconf 66' lang='lat' dir='ltr'><strong>‹f&#39;tum</strong></span> <span class='ocrx_word' id='word_1_181' title='bbox 370 2367 395 2439; x_wconf 80' lang='lat'>3</span> <span class='ocrx_word' id='word_1_182' title='bbox 462 2360 549 2416; x_wconf 87' lang='lat' dir='ltr'><strong>ut</strong></span> <span class='ocrx_word' id='word_1_183' title='bbox 583 2336 1043 2417; x_wconf 90' lang='lat' dir='ltr'><strong>addubitare</strong></span> <span class='ocrx_word' id='word_1_184' title='bbox 1080 2341 1250 2446; x_wconf 90' lang='lat' dir='ltr'><strong>quis</strong></span> <span class='ocrx_word' id='word_1_185' title='bbox 1291 2335 1542 2447; x_wconf 86' lang='lat' dir='ltr'><strong>poffet</strong></span> <span class='ocrx_word' id='word_1_186' title='bbox 1580 2396 1600 2425; x_wconf 86' lang='lat'>,</span> <span class='ocrx_word' id='word_1_187' title='bbox 1651 2332 2234 2415; x_wconf 78' lang='lat' dir='ltr'><strong>artificialemne</strong></span> <span class='ocrx_word' id='word_1_188' title='bbox 2283 2333 2472 2413; x_wconf 86' lang='lat' dir='ltr'><strong>mili-</strong></span> 
     </span>
     <span class='ocr_line' id='line_1_22' title="bbox 120 2446 2473 2558; baseline -0.002 -30"><span class='ocrx_word' id='word_1_189' title='bbox 120 2451 304 2529; x_wconf 89' lang='lat' dir='ltr'><strong>tiam</strong></span> <span class='ocrx_word' id='word_1_190' title='bbox 342 2448 660 2527; x_wconf 90' lang='lat' dir='ltr'><strong>haberet</strong></span> <span class='ocrx_word' id='word_1_191' title='bbox 682 2507 701 2538; x_wconf 83' lang='lat'>‚</span> <span class='ocrx_word' id='word_1_192' title='bbox 720 2477 812 2528; x_wconf 88' lang='lat' dir='ltr'><strong>an</strong></span> <span class='ocrx_word' id='word_1_193' title='bbox 835 2448 1096 2558; x_wconf 76' lang='lat' dir='ltr'><strong>potius</strong></span> <span class='ocrx_word' id='word_1_194' title='bbox 1128 2453 1169 2529; x_wconf 78' lang='lat' dir='ltr'><strong>a</strong></span> <span class='ocrx_word' id='word_1_195' title='bbox 1187 2451 1504 2528; x_wconf 85' lang='lat' dir='ltr'><strong>natura?</strong></span> <span class='ocrx_word' id='word_1_196' title='bbox 1539 2447 1869 2555; x_wconf 84' lang='lat' dir='ltr'><strong>Ubique</strong></span> <span class='ocrx_word' id='word_1_197' title='bbox 1905 2473 2293 2525; x_wconf 88' lang='lat' dir='ltr'><strong>armorum</strong></span> <span class='ocrx_word' id='word_1_198' title='bbox 2312 2446 2473 2553; x_wconf 89' lang='lat' dir='ltr'><strong>glo-</strong></span> 
     </span>
     <span class='ocr_line' id='line_1_23' title="bbox 119 2557 2471 2670; baseline -0.003 -31"><span class='ocrx_word' id='word_1_199' title='bbox 119 2562 225 2647; x_wconf 75' lang='lat' dir='ltr'><strong>ria</strong></span> <span class='ocrx_word' id='word_1_200' title='bbox 254 2586 475 2667; x_wconf 86' lang='lat' dir='ltr'><strong>magn</strong></span> <span class='ocrx_word' id='word_1_201' title='bbox 488 2589 572 2639; x_wconf 93' lang='lat' dir='ltr'><strong>us</strong></span> <span class='ocrx_word' id='word_1_202' title='bbox 589 2618 610 2647; x_wconf 82' lang='lat'>‚</span> <span class='ocrx_word' id='word_1_203' title='bbox 648 2560 943 2670; x_wconf 92' lang='lat' dir='ltr'><strong>ubique</strong></span> <span class='ocrx_word' id='word_1_204' title='bbox 983 2557 1436 2668; x_wconf 87' lang='lat' dir='ltr'><strong>intrepidus.</strong></span> <span class='ocrx_word' id='word_1_205' title='bbox 1476 2562 1772 2668; x_wconf 90' lang='lat' dir='ltr'><strong>Neque</strong></span> <span class='ocrx_word' id='word_1_206' title='bbox 1809 2559 2022 2636; x_wconf 91' lang='lat' dir='ltr'><strong>enim</strong></span> <span class='ocrx_word' id='word_1_207' title='bbox 2059 2560 2319 2637; x_wconf 90' lang='lat' dir='ltr'><strong>timuit</strong></span> <span class='ocrx_word' id='word_1_208' title='bbox 2349 2557 2471 2635; x_wconf 91' lang='lat' dir='ltr'><strong>ali-</strong></span> 
     </span>
     <span class='ocr_line' id='line_1_24' title="bbox 122 2665 2471 2783; baseline -0.003 -32"><span class='ocrx_word' id='word_1_209' title='bbox 122 2671 468 2783; x_wconf 82' lang='lat' dir='ltr'><strong>quando,</strong></span> <span class='ocrx_word' id='word_1_210' title='bbox 487 2674 718 2779; x_wconf 74' lang='lat' dir='ltr'><strong>quam</strong></span> <span class='ocrx_word' id='word_1_211' title='bbox 738 2701 838 2752; x_wconf 92' lang='lat' dir='ltr'><strong>ne</strong></span> <span class='ocrx_word' id='word_1_212' title='bbox 859 2671 1052 2782; x_wconf 91' lang='lat' dir='ltr'><strong>quid</strong></span> <span class='ocrx_word' id='word_1_213' title='bbox 1072 2673 1359 2781; x_wconf 88' lang='lat' dir='ltr'><strong>uspiam</strong></span> <span class='ocrx_word' id='word_1_214' title='bbox 1380 2674 1653 2750; x_wconf 92' lang='lat' dir='ltr'><strong>timere</strong></span> <span class='ocrx_word' id='word_1_215' title='bbox 1672 2665 2084 2749; x_wconf 80' lang='lat' dir='ltr'><strong>videretur.</strong></span> <span class='ocrx_word' id='word_1_216' title='bbox 2110 2669 2232 2748; x_wconf 87' lang='lat' dir='ltr'><strong>Ut</strong></span> <span class='ocrx_word' id='word_1_217' title='bbox 2253 2668 2471 2746; x_wconf 88' lang='lat' dir='ltr'><strong>mini-</strong></span> 
     </span>
     <span class='ocr_line' id='line_1_25' title="bbox 122 2777 2472 2888; baseline -0.002 -25"><span class='ocrx_word' id='word_1_218' title='bbox 122 2782 250 2863; x_wconf 74' lang='lat' dir='ltr'><strong>me</strong></span> <span class='ocrx_word' id='word_1_219' title='bbox 271 2781 711 2861; x_wconf 90' lang='lat' dir='ltr'><strong>mirandum</strong></span> <span class='ocrx_word' id='word_1_220' title='bbox 732 2781 822 2862; x_wconf 88' lang='lat' dir='ltr'><strong>fit</strong></span> <span class='ocrx_word' id='word_1_221' title='bbox 841 2844 860 2873; x_wconf 85' lang='lat'>,</span> <span class='ocrx_word' id='word_1_222' title='bbox 879 2783 931 2862; x_wconf 88' lang='lat' dir='ltr'>fi</span> <span class='ocrx_word' id='word_1_223' title='bbox 951 2786 1175 2865; x_wconf 93' lang='lat' dir='ltr'><strong>illum</strong></span> <span class='ocrx_word' id='word_1_224' title='bbox 1198 2780 1720 2864; x_wconf 88' lang='lat' dir='ltr'><strong>Sereniffimus</strong></span> <span class='ocrx_word' id='word_1_225' title='bbox 1738 2800 1974 2888; x_wconf 90' lang='lat' dir='ltr'><strong>atque</strong></span> <span class='ocrx_word' id='word_1_226' title='bbox 1996 2777 2472 2859; x_wconf 64' lang='lat' dir='ltr'><strong>Vistoriofis-</strong></span> 
     </span>
     <span class='ocr_line' id='line_1_26' title="bbox 125 2889 2472 3005; baseline -0.001 -31"><span class='ocrx_word' id='word_1_227' title='bbox 125 2894 354 2975; x_wconf 81' lang='lat' dir='ltr'><strong>simus</strong></span> <span class='ocrx_word' id='word_1_228' title='bbox 394 2892 761 3003; x_wconf 83' lang='lat' dir='ltr'><strong>Princeps</strong></span> <span class='ocrx_word' id='word_1_229' title='bbox 801 2894 1210 3005; x_wconf 76' lang='lat' dir='ltr'><strong>tantopere</strong></span> <span class='ocrx_word' id='word_1_230' title='bbox 1232 2923 1398 2974; x_wconf 91' lang='lat' dir='ltr'><strong>non</strong></span> <span class='ocrx_word' id='word_1_231' title='bbox 1416 2893 1781 2973; x_wconf 85' lang='lat' dir='ltr'><strong>amaverit</strong></span> <span class='ocrx_word' id='word_1_232' title='bbox 1817 2889 2118 2970; x_wconf 77' lang='lat' dir='ltr'><strong>tantum</strong></span> <span class='ocrx_word' id='word_1_233' title='bbox 2144 2951 2164 2980; x_wconf 82' lang='lat'>‚</span> <span class='ocrx_word' id='word_1_234' title='bbox 2197 2893 2472 2977; x_wconf 77' lang='lat' dir='ltr'><strong>Verum</strong></span> 
     </span>
     <span class='ocr_line' id='line_1_27' title="bbox 127 3000 2473 3110; baseline 0.002 -26"><span class='ocrx_word' id='word_1_235' title='bbox 127 3007 357 3084; x_wconf 88' lang='lat' dir='ltr'><strong>etiam</strong></span> <span class='ocrx_word' id='word_1_236' title='bbox 379 3009 778 3086; x_wconf 87' lang='lat' dir='ltr'><strong>ornaverit</strong></span> <span class='ocrx_word' id='word_1_237' title='bbox 799 3065 823 3098; x_wconf 83' lang='grc'>,</span> <span class='ocrx_word' id='word_1_238' title='bbox 847 3028 933 3086; x_wconf 89' lang='lat' dir='ltr'><strong>ut</strong></span> <span class='ocrx_word' id='word_1_239' title='bbox 954 3008 1386 3087; x_wconf 89' lang='lat' dir='ltr'><strong>honoraret.</strong></span> <span class='ocrx_word' id='word_1_240' title='bbox 1449 3000 1774 3110; x_wconf 76' lang='lat' dir='ltr'><strong>Nempe</strong></span> <span class='ocrx_word' id='word_1_241' title='bbox 1795 3062 1814 3092; x_wconf 83' lang='lat'>‚</span> <span class='ocrx_word' id='word_1_242' title='bbox 1850 3003 2006 3082; x_wconf 86' lang='lat' dir='ltr'><strong>hoc</strong></span> <span class='ocrx_word' id='word_1_243' title='bbox 2028 3032 2473 3089; x_wconf 84' lang='lat' dir='ltr'><strong>munerum,</strong></span> 
     </span>
     <span class='ocr_line' id='line_1_28' title="bbox 131 3113 2474 3227; baseline 0 -32"><span class='ocrx_word' id='word_1_244' title='bbox 131 3115 330 3227; x_wconf 82' lang='lat' dir='ltr'><strong>quasi</strong></span> <span class='ocrx_word' id='word_1_245' title='bbox 353 3120 760 3224; x_wconf 85' lang='lat' dir='ltr'><strong>gratiarum</strong></span> <span class='ocrx_word' id='word_1_246' title='bbox 786 3116 1096 3200; x_wconf 90' lang='lat' dir='ltr'><strong>foenore</strong></span> <span class='ocrx_word' id='word_1_247' title='bbox 1115 3177 1135 3207; x_wconf 90' lang='lat'>,</span> <span class='ocrx_word' id='word_1_248' title='bbox 1181 3120 1263 3199; x_wconf 88' lang='lat' dir='ltr'><strong>H</strong></span> <span class='ocrx_word' id='word_1_249' title='bbox 1285 3148 1330 3198; x_wconf 85' lang='lat' dir='ltr'>E</span> <span class='ocrx_word' id='word_1_250' title='bbox 1353 3148 1410 3197; x_wconf 78' lang='lat' dir='ltr'>R</span> <span class='ocrx_word' id='word_1_251' title='bbox 1431 3145 1517 3195; x_wconf 86' lang='lat'><strong>01</strong></span> <span class='ocrx_word' id='word_1_252' title='bbox 1541 3145 1573 3195; x_wconf 90' lang='lat' dir='ltr'><strong>s</strong></span> <span class='ocrx_word' id='word_1_253' title='bbox 1633 3113 1864 3195; x_wconf 87' lang='lat' dir='ltr'><strong>nostri</strong></span> <span class='ocrx_word' id='word_1_254' title='bbox 1890 3116 2158 3195; x_wconf 83' lang='lat' dir='ltr'><strong>merita</strong></span> <span class='ocrx_word' id='word_1_255' title='bbox 2176 3114 2474 3195; x_wconf 87' lang='lat' dir='ltr'><strong>redimi-</strong></span> 
     </span>
     <span class='ocr_line' id='line_1_29' title="bbox 130 3226 2474 3338; baseline -0.002 -28"><span class='ocrx_word' id='word_1_256' title='bbox 130 3233 191 3310; x_wconf 88' lang='lat' dir='ltr'><strong>ri</strong></span> <span class='ocrx_word' id='word_1_257' title='bbox 209 3227 658 3309; x_wconf 87' lang='lat' dir='ltr'><strong>debuerunt</strong></span> <span class='ocrx_word' id='word_1_258' title='bbox 679 3289 699 3319; x_wconf 87' lang='lat'>‚</span> <span class='ocrx_word' id='word_1_259' title='bbox 734 3252 823 3310; x_wconf 93' lang='lat' dir='ltr'><strong>ut</strong></span> <span class='ocrx_word' id='word_1_260' title='bbox 857 3229 1099 3310; x_wconf 87' lang='lat' dir='ltr'><strong>effent</strong></span> <span class='ocrx_word' id='word_1_261' title='bbox 1134 3226 1672 3338; x_wconf 81' lang='lat' dir='ltr'><strong>pretiofiffimae</strong></span> <span class='ocrx_word' id='word_1_262' title='bbox 1706 3228 1912 3335; x_wconf 88' lang='lat' dir='ltr'><strong>apud</strong></span> <span class='ocrx_word' id='word_1_263' title='bbox 1937 3227 2286 3307; x_wconf 85' lang='lat' dir='ltr'><strong>Posteros</strong></span> <span class='ocrx_word' id='word_1_264' title='bbox 2320 3253 2474 3306; x_wconf 87' lang='lat' dir='ltr'><strong>me-</strong></span> 
     </span>
     <span class='ocr_line' id='line_1_30' title="bbox 131 3338 2473 3451; baseline -0.001 -29"><span class='ocrx_word' id='word_1_265' title='bbox 131 3344 397 3422; x_wconf 73' lang='lat' dir='ltr'><strong>moria:</strong></span> <span class='ocrx_word' id='word_1_266' title='bbox 432 3342 755 3449; x_wconf 85' lang='lat' dir='ltr'><strong>pignora</strong></span> <span class='ocrx_word' id='word_1_267' title='bbox 769 3373 806 3442; x_wconf 68' lang='lat'><strong>9·</strong></span> <span class='ocrx_word' id='word_1_268' title='bbox 837 3362 1071 3451; x_wconf 87' lang='lat' dir='ltr'><strong>atque</strong></span> <span class='ocrx_word' id='word_1_269' title='bbox 1092 3341 1519 3422; x_wconf 88' lang='lat' dir='ltr'><strong>liberaliore</strong></span> <span class='ocrx_word' id='word_1_270' title='bbox 1553 3338 1978 3449; x_wconf 89' lang='lat' dir='ltr'><strong>splendoris</strong></span> <span class='ocrx_word' id='word_1_271' title='bbox 2010 3339 2433 3421; x_wconf 83' lang='lat' dir='ltr'><strong>aeceffione</strong></span> <span class='ocrx_word' id='word_1_272' title='bbox 2453 3400 2473 3429; x_wconf 84' lang='grc'>,</span> 
     </span>
     <span class='ocr_line' id='line_1_31' title="bbox 130 3449 2472 3560; baseline -0.003 -28"><span class='ocrx_word' id='word_1_273' title='bbox 130 3449 474 3559; x_wconf 86' lang='lat' dir='ltr'><strong>ejusdem</strong></span> <span class='ocrx_word' id='word_1_274' title='bbox 489 3473 859 3560; x_wconf 85' lang='lat' dir='ltr'><strong>augerent</strong></span> <span class='ocrx_word' id='word_1_275' title='bbox 875 3451 1441 3541; x_wconf 79' lang='lat' dir='ltr'><strong>dexteritatem,</strong></span> <span class='ocrx_word' id='word_1_276' title='bbox 1457 3473 2029 3560; x_wconf 83' lang='lat' dir='ltr'><strong>promoverent</strong></span> <span class='ocrx_word' id='word_1_277' title='bbox 2053 3451 2472 3532; x_wconf 87' lang='lat' dir='ltr'><strong>Virtutem.</strong></span> 
     </span>
     <span class='ocr_line' id='line_1_32' title="bbox 134 3562 2472 3674; baseline -0.001 -32"><span class='ocrx_word' id='word_1_278' title='bbox 134 3567 511 3672; x_wconf 86' lang='lat' dir='ltr'><strong>Qorum</strong></span> <span class='ocrx_word' id='word_1_279' title='bbox 528 3590 677 3670; x_wconf 89' lang='lat' dir='ltr'><strong>ego</strong></span> <span class='ocrx_word' id='word_1_280' title='bbox 695 3567 1054 3647; x_wconf 90' lang='lat' dir='ltr'><strong>omnium</strong></span> <span class='ocrx_word' id='word_1_281' title='bbox 1072 3562 1310 3647; x_wconf 75' lang='lat' dir='ltr'><strong>hodie</strong></span> <span class='ocrx_word' id='word_1_282' title='bbox 1328 3564 1606 3644; x_wconf 88' lang='lat' dir='ltr'><strong>arbiter</strong></span> <span class='ocrx_word' id='word_1_283' title='bbox 1620 3584 1853 3674; x_wconf 85' lang='lat' dir='ltr'><strong>atque</strong></span> <span class='ocrx_word' id='word_1_284' title='bbox 1875 3563 2161 3645; x_wconf 89' lang='lat' dir='ltr'><strong>Orator</strong></span> <span class='ocrx_word' id='word_1_285' title='bbox 2184 3563 2472 3643; x_wconf 84' lang='lat' dir='ltr'><strong>umbra-</strong></span> 
     </span>
     <span class='ocr_line' id='line_1_33' title="bbox 74 3673 2473 3788; baseline -0.001 -33"><span class='ocrx_word' id='word_1_286' title='bbox 74 3771 75 3774; x_wconf 9' lang='lat'><em>*</em></span> <span class='ocrx_word' id='word_1_287' title='bbox 134 3675 310 3764; x_wconf 84' lang='lat' dir='ltr'><strong>tilis,</strong></span> <span class='ocrx_word' id='word_1_288' title='bbox 330 3677 408 3755; x_wconf 92' lang='lat' dir='ltr'><strong>in</strong></span> <span class='ocrx_word' id='word_1_289' title='bbox 432 3675 607 3756; x_wconf 83' lang='lat' dir='ltr'><strong>luce</strong></span> <span class='ocrx_word' id='word_1_290' title='bbox 629 3679 785 3757; x_wconf 75' lang='lat' dir='ltr'><strong>tam</strong></span> <span class='ocrx_word' id='word_1_291' title='bbox 806 3675 1212 3787; x_wconf 79' lang='lat' dir='ltr'><strong>splendide</strong></span> <span class='ocrx_word' id='word_1_292' title='bbox 1244 3675 1721 3788; x_wconf 89' lang='lat' dir='ltr'><strong>splendentis</strong></span> <span class='ocrx_word' id='word_1_293' title='bbox 1779 3677 1864 3757; x_wconf 91' lang='lat' dir='ltr'><strong>D</strong></span> <span class='ocrx_word' id='word_1_294' title='bbox 1888 3677 1915 3756; x_wconf 91' lang='lat'><em>1</em></span> <span class='ocrx_word' id='word_1_295' title='bbox 1943 3676 2006 3757; x_wconf 83' lang='lat' dir='ltr'>E</span> <span class='ocrx_word' id='word_1_296' title='bbox 2025 3675 2098 3767; x_wconf 71' lang='lat' dir='ltr'><strong>I„</strong></span> <span class='ocrx_word' id='word_1_297' title='bbox 2135 3683 2216 3757; x_wconf 82' lang='lat'>&amp;</span> <span class='ocrx_word' id='word_1_298' title='bbox 2255 3673 2473 3754; x_wconf 86' lang='lat' dir='ltr'><strong>radiis</strong></span> 
     </span>
     <span class='ocr_line' id='line_1_34' title="bbox 1530 3788 2474 3870; baseline -0.007 0"><span class='ocrx_word' id='word_1_299' title='bbox 1530 3788 1600 3870; x_wconf 82' lang='lat' dir='ltr'>E</span> <span class='ocrx_word' id='word_1_300' title='bbox 2342 3814 2474 3864; x_wconf 90' lang='lat' dir='ltr'><strong>no-</strong></span> 
     </span>
    </p>
   </div>
  </div>
 </body>
</html>
