2628 4190
167 290 316 376 sese
350 288 669 372 obviam
703 346 723 377 ,
775 310 939 365 non
960 167 1419 391 pugnagiri),
1451 271 1585 356 sed
1604 273 1935 363 oraturi,
1982 271 2118 353 ubi
2137 276 2520 381 majorem,

170 406 284 496 se,
318 394 1328 500 KomosMARchMjam
1348 385 1757 474 accedere,
1787 411 1956 465 non
1975 381 2512 474 acceffiffe,in-·

169 519 587 626 telligunt3
625 530 858 618 atque
876 505 1226 585 effusiore
1257 501 1548 582 tristitia
1569 526 1669 577 ne
1687 499 1921 605 quam
1936 489 2176 602 gradu
2194 552 2216 583 ,
2248 498 2326 576 in
2350 498 2512 604 ejus

171 632 320 712 sese
361 620 787 731 conspefflffl
821 679 841 709 ,
899 618 1150 726 specie
1187 609 1512 721 quidem
1547 639 1633 688 ac
1666 605 1901 688 vultu
1919 607 2510 716 gratulantium,

173 739 303 821 sed
337 736 606 819 revera
636 731 1224 813 abhorrentium
1260 742 1528 803 mente
1549 718 2059 800 constituunt.
2138 717 2368 826 Qid
2384 717 2514 799 hic

173 847 607 933 existimatis
623 844 916 952 agitasse
935 835 1416 920 fortiffimum
1433 834 1752 913 Ducem
1778 833 1810 910 Ρ
1839 859 1934 911 an
1956 855 2173 908 more
2192 832 2514 911 Vincen-

173 968 371 1043 tium
391 1016 413 1052 ,
437 955 758 1038 Ludum
780 958 1077 1063 ,jocum
1098 1006 1118 1035 ,
1139 947 1619 1032 hilaritatem,
1635 941 2124 1049 triumphum
2145 942 2179 1020 ἒ
2202 938 2518 1022 Poterat

173 1069 375 1154 istud
409 1067 728 1180 quidem
764 1091 947 1164 cum
985 1053 1447 1139 Alexandro
1465 1057 1546 1134 in
1567 1052 2018 1160 Babylone3
2077 1070 2387 1159 poterat
2404 1054 2519 1132 his

168 1185 455 1291 majora
474 1240 494 1270 ,
527 1177 910 1256 autetiam
932 1170 1314 1253 deteriora
1332 1226 1352 1255 ,
1380 1195 1549 1247 non
1568 1162 2165 1274 imponentibus
2183 1162 2519 1244 modum

173 1293 553 1376 illecebris
582 1291 662 1366 in
686 1288 926 1393 Regia
944 1283 1193 1364 Urbe.
1255 1281 1564 1362 Verum
1580 1306 1680 1356 eo
1698 1274 2150 1383 supercilio,
2185 1300 2351 1383 quo
2370 1275 2519 1355 Re.

170 1434 300 1517 ges
332 1403 608 1510 Regna
647 1397 1027 1477 sustinent
1059 1421 1146 1472 ac
1165 1408 1531 1477 tuentur,
1563 1386 1644 1467 id
1664 1389 1985 1466 unicum
2002 1412 2221 1495 agere
2241 1386 2520 1467 consti-

168 1520 363 1605 tuit,
399 1542 503 1593 ne
536 1505 911 1621 quiddam
946 1510 1024 1586 in
1063 1533 1151 1584 ea
1165 1501 1479 1581 fortuna
1495 1494 2059 1607 poenitendum
2078 1501 2520 1579 committe.

168 1647 291 1709 ret
312 1686 331 1716 ,
349 1624 403 1705 fi
420 1624 623 1704 suam
645 1620 1024 1703 Virtutem
1044 1620 1122 1696 in
1132 1612 1501 1694 solentius
1520 1605 1907 1690 extulisset
1924 1666 1946 1698 ,
1974 1625 2107 1689 aut
2123 1607 2390 1690 alie‘nae
2407 1612 2519 1692 in-

171 1735 503 1820 sultaffet
538 1734 856 1815 miseriae
886 1727 1305 1837 superbius.
1364 1720 1616 1803 Index
1650 1719 2170 1801 decrescentis
2202 1722 2521 1805 Virtutis

159 1849 525 1966 ja&antia
556 1845 683 1926 est.
758 1844 1092 1926 Cautior
1126 1839 1389 1920 Heros
1421 1833 1597 1943 post
1630 1831 2034 1916 vistoriam
2055 1890 2077 1920 ,
2111 1832 2250 1941 qui
2286 1834 2521 1916 etiam

172 1979 354 2046 ante
409 1958 820 2042 Vi&oriam
876 1950 1317 2033 fortiffimus
1359 1979 1376 2028 :
1456 1964 1794 2029 noverat
1842 1942 2130 2024 infidos
2178 1964 2521 2028 eventus

170 2071 406 2162 belli,
462 2077 546 2150 &
580 2065 890 2176 fingulis
906 2062 1114 2175 pene
1131 2061 1556 2143 momentis
1576 2118 1598 2149 ,
1659 2077 1819 2139 tam
1837 2055 2236 2137 fortunam
2252 2056 2521 2139 milita-

168 2212 375 2271 rem,
410 2206 644 2291 quam
662 2178 1026 2258 sarcinam
1044 2175 1339 2256 mutari.
1398 2169 1754 2260 Bellum,
1785 2188 1876 2249 ut
1894 2163 2301 2278 quondam
2318 2187 2522 2252 retu-

169 2300 265 2379 lit
320 2288 843 2374 Archidamus
886 2347 908 2377 ,
980 2312 1390 2395 nunquam
1447 2280 1810 2393 procedit
1858 2308 1956 2360 ex
2006 2277 2462 2389 praescripto
2493 2340 2519 2371 ,

170 2403 469 2520 quippe
502 2405 846 2484 incertos
881 2400 1131 2478 exitus
1164 2396 1399 2476 habet
1420 2451 1443 2488 ,
1503 2393 1733 2478 velut
1765 2389 2095 2472 coluber
2123 2389 2522 2474 volubiles

169 2524 392 2631 spiras
413 2576 435 2606 ,
470 2545 619 2594 nec
653 2513 819 2593 satis
853 2511 1204 2590 humanis
1226 2508 1519 2616 regitur
1536 2502 1885 2585 consiliis.
1952 2500 2523 2593 Victoriarum,

170 2660 340 2715 non
377 2656 528 2716 eae,
561 2652 740 2736 quae
773 2619 1224 2704 hominibus
1258 2634 1474 2696 notae
1506 2615 1819 2704 Causae,
1854 2613 2034 2693 sunt
2050 2615 2292 2724 major
2307 2615 2520 2695 forti-

170 2742 374 2826 tudo
394 2746 478 2820 &
497 2762 902 2818 numerus:
924 2727 1055 2811 sed
1073 2757 1336 2810 arcana
1356 2727 1603 2810 Causa
1622 2724 2071 2806 dominatur
2086 2724 2521 2817 manifestiS,

173 2883 352 2968 quae
384 2852 678 2933 evertit
711 2846 1012 2937 omnia,
1047 2840 1184 2923 nifi
1217 2837 1632 2950 prudentia
1648 2837 2116 2919 moderetur.
2179 2835 2520 2918 Pruden-

174 2963 495 3051 tisfimus
555 2963 817 3044 Heros
874 2955 1334 3037 attendebat
1379 2953 1637 3062 praelia
1681 2951 1938 3031 futura
1972 3005 1992 3035 ,
2051 2974 2221 3033 non
2269 2948 2518 3029 Victo-

173 3083 358 3161 riam
417 3076 884 3187 praeteritam
902 3099 928 3172 3
991 3098 1142 3148 nec
1199 3095 1382 3148 cum
1431 3065 1756 3148 Vistoria
1811 3060 2164 3140 securum
2194 3060 2268 3140 se
2303 3079 2517 3168 puta-

177 3194 340 3280 vit,
382 3217 532 3269 nec
567 3185 663 3268 ad
697 3186 955 3295 praelia
990 3184 1398 3291 imparatus
1427 3178 1693 3260 voluit
1726 3172 1908 3252 effe:
1970 3198 2121 3249 nec
2161 3168 2336 3251 fidit
2369 3170 2516 3252 for-

178 3321 438 3394 tunae,
484 3329 634 3380 nec
671 3300 948 3378 timuit.
1015 3293 1176 3403 Ipsa
1209 3289 1582 3401 pericula,
1621 3314 1797 3397 quae
1822 3311 1990 3364 non
2010 3283 2312 3373 timuit,
2346 3313 2514 3365 non

178 3411 668 3520 contempfit.
735 3411 922 3490 Hoc
958 3403 1273 3486 interest
1311 3406 1514 3483 inter
1533 3396 1911 3507 cupidum
1935 3453 1956 3483 ,
1988 3392 2143 3474 hoc
2162 3395 2308 3485 est,
2341 3394 2515 3475 stul-

176 3542 349 3602 tum
369 3583 388 3612 ,
421 3530 500 3601 &
524 3520 995 3630 prudentem
1012 3548 1047 3615 9·
1078 3515 1247 3606 ille,
1285 3543 1462 3624 quae
1491 3514 1671 3596 vult
1690 3509 1892 3598 fieri,
1926 3506 2298 3587 attendit:
2336 3507 2471 3587 iste
2495 3568 2515 3598 ‚

177 3662 354 3743 quae
374 3633 690 3741 possunt
708 3632 903 3712 fieri:
941 3631 1070 3709 ille
1088 3684 1113 3718 ,
1137 3647 1326 3709 Vota
1345 3626 1466 3707 sua
1481 3624 1786 3734 respicit
1803 3653 1829 3727 3
1850 3620 1984 3700 iste
2002 3619 2372 3728 prospicit
2388 3648 2515 3727 pe-

176 3743 428 3825 ricula.
455 3743 684 3823 Illum
704 3740 1082 3852 cupiditas
1104 3736 1229 3820 sua
1245 3734 1465 3818 ducit
1481 3768 1508 3841 3
1528 3737 1661 3818 iste
1681 3797 1702 3826 ,
1722 3739 2086 3817 timorem
2107 3732 2512 3841 praevenit.

2372 3836 2513 3917 Ille
