2628 4190
1213 178 1399 283 (54)

149 289 401 372 Ducis
418 291 830 373 authoritas
846 318 872 392 3
894 317 1056 368 non
1075 316 1340 397 poena,
1359 319 1525 370 non
1543 289 1792 400 ipsum
1809 288 2125 383 facinu3,
2141 290 2239 372 ad
2257 295 2482 404 qu0d

147 402 398 483 ferino
419 462 440 492 ,
457 431 621 482 non
644 404 984 481 humano
1002 428 1218 480 more
1235 399 1768 510 grassabantur,
1789 422 2294 486 contumaces
2313 403 2478 486 illo-

146 543 319 595 rum
352 536 584 624 atque
616 514 896 621 impios
912 531 1248 592 conatus
1269 511 1684 623 infringere
1702 534 2158 624 potuerunt.
2232 515 2474 599 Vide-

144 646 258 705 rat
285 627 482 706 hanc
502 655 664 704 non
683 623 920 731 longe
939 622 1230 733 positus
1247 623 1481 704 hostis
1502 627 2177 736 opportunitatem
2192 689 2212 718 ,
2251 625 2479 710 adde-

145 738 437 847 batque
453 736 743 844 fiagitio
763 795 784 825 ,
819 755 1194 816 conatum
1212 795 1235 825 ,
1268 739 1401 818 vel
1423 738 1607 819 inde
1627 736 2032 820 vistoriam
2050 740 2477 849 auspicatus

142 848 542 930 imbellem
562 877 649 928 ac
668 849 998 938 facilem,
1034 847 1256 957 quod
1273 849 1408 930 fibi
1430 845 2049 959 confligendum,
2068 878 2253 932 cum
2274 851 2476 933 Viro

140 963 439 1048 inermi,
474 989 640 1040 non
661 981 949 1043 armato
963 991 1000 1058 ,-
1033 963 1114 1038 in
1134 989 1351 1071 aqua,
1372 988 1539 1041 non
1558 965 1637 1042 in
1659 982 1899 1064 terra3
1935 990 2085 1043 nec
2105 989 2289 1043 cum
2307 965 2478 1042 viri-

139 1072 284 1152 bus
310 1129 331 1159 ,
389 1069 518 1153 sed
535 1073 848 1152 fortuna
867 1128 892 1164 ,
954 1071 1436 1184 perspiceret.
1512 1074 1795 1156 Fateor
1812 1073 1939 1154 hic
1960 1131 1981 1162 ,
2016 1102 2185 1154 non
2204 1093 2364 1156 tam
2382 1072 2480 1156 ad

136 1182 489 1265 hostilem
523 1184 958 1265 adventum
979 1245 1000 1274 ,
1061 1213 1292 1294 quam
1325 1185 1863 1296 proditionem
1899 1188 2214 1266 suorum
2235 1245 2257 1274 ,
2316 1216 2482 1296 per-

137 1294 414 1375 culsam
429 1296 642 1378 fuiffe
659 1325 824 1377 non
843 1293 1035 1376 nihil
1055 1319 1409 1379 mentem
1440 1300 1711 1406 Magni
1732 1299 1808 1377 K
1822 1305 1870 1376 ὃ
1885 1325 2026 1374 Nlo
2041 1324 2070 1373 s
2085 1323 2144 1372 M
2159 1326 2265 1373 AR
2279 1326 2324 1374 c
2343 1329 2469 1385 Hn.

137 1405 349 1487 Nam
369 1407 464 1487 ad
482 1409 825 1490 subitum
841 1406 1361 1490 infortunium
1382 1470 1404 1500 ,
1464 1436 1703 1489 nemo
1723 1437 1890 1490 non
1911 1411 2321 1521 obstupuit
2337 1470 2361 1502 ,
2397 1420 2482 1493 δε

132 1517 395 1628 plures
429 1520 1098 1630 illachrymarunt:
1143 1522 1323 1631 quia
1355 1528 1437 1603 in
1473 1521 1685 1602 malis
1704 1525 2132 1631 repentinis
2149 1578 2175 1614 2
2211 1535 2481 1635 potior

135 1632 383 1713 Causa
401 1694 421 1723 ,
458 1661 692 1744 quam
713 1651 1053 1714 eventus
1071 1631 1391 1716 Videtur
1410 1665 1437 1738 3
1476 1636 1554 1714 in
1579 1633 1771 1743 qua,
1792 1631 2179 1716 difficilius
2195 1636 2439 1718 finem
2457 1695 2482 1728 ,

134 1771 364 1852 quam
385 1748 694 1827 initium
714 1772 1205 1853 occupamus.
1291 1749 1794 1856 Qamquam
1816 1805 1837 1836 ,
1896 1765 1988 1826 ut
2007 1746 2291 1829 sortem
2309 1777 2481 1832 Ver-

133 1873 298 1934 tere
333 1886 500 1937 non
520 1858 741 1939 licuit
759 1917 782 1946 ,
834 1848 1234 1968 resumpsit
1252 1863 1597 1940 animum
1615 1890 1643 1963 3
1703 1887 1792 1938 ac
1812 1858 2044 1940 rediit
2062 1858 2160 1939 ad
2183 1861 2334 1942 sese
2354 1860 2482 1943 de-

44 2068 46 2072 ,
129 1968 366 2077 pressa
384 1998 653 2078 parum
680 1999 765 2051 ac
784 1966 1118 2051 refidens
1139 2031 1160 2063 ,
1203 1969 1333 2052 sed
1352 1999 1521 2054 non
1539 1972 1886 2084 oppressa
1908 1973 2223 2082 penitus
2241 1993 2480 2084 atque

130 2082 471 2162 extincta
489 2080 913 2164 fortitudo:
949 2101 1187 2193 atque
1208 2088 1595 2191 impetum
1622 2086 1843 2166 illum
1866 2083 2160 2168 doloris
2179 2144 2200 2175 ,
2234 2114 2477 2195 quem

129 2219 299 2273 non
317 2221 414 2272 ex
433 2197 914 2305 captivitate,
927 2193 1064 2275 sed
1083 2195 1262 2277 faeci
1282 2200 1656 2308 concepit
1674 2200 1968 2307 injuria,
1986 2195 2276 2279 deinde
2291 2227 2495 2278 con--

128 2303 398 2386 sultius
428 2305 712 2388 remisit
728 2368 749 2399 ,
783 2325 875 2387 ut
893 2308 975 2386 in
1002 2305 1461 2391 adversitate
1479 2337 1810 2419 quoque
1827 2311 2049 2392 fortis
2069 2315 2154 2389 ὅῑ
2171 2336 2475 2417 magna-

128 2419 383 2498 nimus
404 2420 833 2501 haberetur.
906 2419 1208 2528 Neque
1226 2416 1435 2500 aliud
1453 2420 1701 2501 facere
1720 2425 1988 2534 potuit
2005 2479 2026 2510 ,
2064 2423 2298 2530 quam
2316 2480 2339 2511 ,
2385 2440 2478 2503 ut

127 2526 446 2610 cederet
481 2533 860 2641 tempori,
895 2530 1305 2640 postquam
1334 2531 1647 2612 ceffiffet
1664 2534 2095 2645 proditioni
2112 2561 2142 2637 3
2175 2531 2479 2615 abloca-

126 2665 377 2750 toque
394 2642 549 2723 aliis
565 2645 904 2726 muneris
922 2642 1031 2724 sui
1048 2643 1844 2732 exercitio,fortunam
1862 2644 2020 2727 ictu
2036 2645 2471 2754 praevertit,

127 2765 211 2835 &
241 2755 483 2835 semet
500 2776 916 2867 antequam
941 2772 1341 2836 teneretur
1360 2812 1387 2847 ,
1427 2757 1511 2836 in
1528 2759 2068 2866 captivitatem
2084 2758 2474 2865 pertraxit.

127 2867 463 2950 Intravit
486 2872 718 2980 igitur
735 2898 904 2950 non
921 2868 1173 2951 finum
1191 2864 1741 2951 Gedanensem
1762 2928 1782 2958 ,
1802 2896 2035 2979 quam
2050 2865 2298 2975 ipsum
2316 2867 2472 2950 Ge.

125 2976 420 3060 danum
440 3011 467 3085 3
487 2980 614 3062 sed
634 3011 730 3063 eo
753 2982 989 3064 vultu
1009 3000 1243 3091 atque
1258 2982 1522 3063 animo
1541 3039 1562 3071 ,
1582 3002 1674 3064 ut
1691 2973 2351 3087 triumphantibus
2369 2979 2472 3061 de

125 3092 199 3171 se
222 3093 571 3175 hostibus
590 3151 614 3187 ,
652 3113 956 3177 metum
972 3126 1056 3176 ac
1074 3091 1578 3174 formidinem
1597 3097 1985 3175 incuteret
2002 3120 2030 3194 3
2064 3115 2153 3171 ac
2171 3088 2429 3174 victus
2447 3153 2470 3184 ,

127 3206 375 3317 prope
409 3209 869 3293 Vi&oribus
904 3212 1237 3318 eriperet
1272 3207 1781 3314 triumphum.
1853 3203 2108 3283 Facile
2142 3202 2353 3284 enim
2389 3201 2467 3286 se

128 3336 498 3417 tueturffac
520 3326 857 3434 explicat
872 3380 898 3415 ,
922 3325 1155 3401 etiam
1174 3317 1512 3400 vinculis
1531 3317 1962 3406 constricta,
1980 3342 2077 3396 ex
2092 3342 2262 3395 arce
2278 3343 2467 3422 prae-

129 3428 383 3514 sertim
402 3440 523 3518 sua
543 3499 562 3527 ,
597 3436 1037 3545 imperatrix
1054 3432 1410 3522 acerrima
1427 3489 1448 3519 ,
1467 3428 2050 3538 foediffimaeque
2071 3426 2466 3534 expultrix

127 3544 230 3648 inj
242 3549 421 3627 uriae
443 3609 463 3638 ,
502 3550 879 3629 Virorum
898 3547 1219 3626 fortium
1239 3602 1259 3632 ,
1275 3542 1683 3623 Patientia.
1745 3543 1937 3624 Satis
1955 3567 2094 3649 per
2115 3537 2188 3618 se
2207 3536 2466 3621 formi-

129 3653 393 3738 dolosa
412 3723 431 3750 ,
465 3689 630 3739 non
660 3661 809 3739 alio
830 3659 1001 3738 sane
1024 3659 1186 3739 telo
1207 3718 1226 3748 ,
1245 3660 1481 3766 quam
1498 3658 1821 3736 nomine
1837 3654 2234 3733 brevitatis
2252 3707 2276 3743 ,
2299 3681 2466 3763 quo

132 3769 321 3849 nihil
341 3772 485 3852 effe
503 3772 776 3852 fortius
797 3773 1011 3852 solet.
1036 3773 1265 3859 Haec,
1277 3798 1424 3881 pro
1441 3768 1607 3883 ipso
1625 3768 2088 3859 infortuniO,
2113 3793 2299 3847 cum
2316 3764 2465 3842 for-

2275 3895 2467 3955 tuna
